
@misc{center_for_history_and_new_media_schnelleinstieg_????,
	title = {Schnelleinstieg},
	url = {http://zotero.org/support/quick_start_guide},
	author = {{Center for History and New Media}},
	annote = {Willkommen bei Zotero!
Anhand des Schnelleinstiegs lässt sich das Sammeln, Handhaben, Zitieren und Teilen von Quellen erlernen.
Vielen Dank, dass Sie Zotero installiert haben.}
}

@misc{steiert_motion_2016,
	title = {Motion 16.3001: {Gesundheitssystem}. {Ausgewogenes} {Angebot} durch {Differenzierung} des {Taxpunktwertes}},
	shorttitle = {16.3001},
	url = {https://www.parlament.ch/de/ratsbetrieb/suche-curia-vista/geschaeft?AffairId=20163001},
	author = {Steiert, Jean-François},
	month = jan,
	year = {2016}
}

@misc{lumengo_interpellation_2006,
	title = {Interpellation 10.3584: {Pilotprojekt} zur {Unterstützung} der {Landärzte} im {Berner} {Oberland}},
	shorttitle = {Ip. 10.3584},
	url = {https://www.parlament.ch/de/ratsbetrieb/suche-curia-vista/geschaeft?AffairId=20103584},
	author = {Lumengo, Ricardo},
	month = jun,
	year = {2006}
}

@misc{_bvger_2014,
	title = {{BVGer} {C}-6229/2011},
	url = {https://www.google.ch/url?sa=t&rct=j&q=&esrc=s&source=web&cd=1&cad=rja&uact=8&ved=0ahUKEwi6tO78tvrLAhWiFJoKHfnECDQQFggdMAA&url=http%3A%2F%2Fwww.bvger.ch%2Fpubliws%2Fdownload%3Bjsessionid%3D1741D499EE9927467360385FECE2A643%3FdecisionId%3D6e1695e7-c9b1-4b7d-ba6c-96defe42b8b0&usg=AFQjCNFmEz7zqP7oz0kMXjzu1-CRuUZUdw},
	month = may,
	year = {2014}
}

@article{bahler_multimorbidity_2015,
	title = {Multimorbidity, health care utilization and costs in an elderly community-dwelling population: a claims data based observational study},
	volume = {15},
	issn = {1472-6963},
	shorttitle = {Multimorbidity, health care utilization and costs in an elderly community-dwelling population},
	doi = {10.1186/s12913-015-0698-2},
	abstract = {BACKGROUND: Chronic conditions and multimorbidity have become one of the main challenges in health care worldwide. However, data on the burden of multimorbidity are still scarce. The purpose of this study is to examine the association between multimorbidity and the health care utilization and costs in the Swiss community-dwelling population, taking into account several sociodemographic factors.
METHODS: The study population consists of 229'493 individuals aged 65 or older who were insured in 2013 by the Helsana Group, the leading health insurer in Switzerland, covering all 26 Swiss cantons. Multimorbidity was defined as the presence of two or more chronic conditions of a list of 22 conditions that were identified using an updated measure of the Pharmacy-based Cost Group model. The number of consultations (total and divided by primary care physicians and specialists), the number of different physicians contacted, the type of physician contact (face-to-face, phone, and home visits), the number of hospitalisations and the length of stay were assessed separately for the multimorbid and non-multimorbid sample. The costs (total and divided by inpatient and outpatient costs) covered by the compulsory health insurance were calculated for both samples. Multiple linear regression modelling was conducted to adjust for influencing factors: age, sex, linguistic region, purchasing power, insurance plan, and nursing dependency.
RESULTS: Prevalence of multimorbidity was 76.6\%. The mean number of consultations per year was 15.7 in the multimorbid compared to 4.4 in the non-multimorbid sample. Total costs were 5.5 times higher in multimorbid patients. Each additional chronic condition was associated with an increase of 3.2 consultations and increased costs of 33\%. Strong positive associations with utilization and costs were also found for nursing dependency. Multimorbid patients were 5.6 times more likely to be hospitalised. Furthermore, results revealed a significant age-gender interaction and a socioeconomic gradient.
CONCLUSIONS: Multimorbidity is associated with substantial higher health care utilization and costs in Switzerland. Quantified data on the current burden of multimorbidity are fundamental for the management of patients in health service delivery systems and for health care policy debates about resource allocation. Strategies for a better coordination of multimorbid patients are urgently needed.},
	language = {eng},
	journal = {BMC health services research},
	author = {Bähler, Caroline and Huber, Carola A. and Brüngger, Beat and Reich, Oliver},
	year = {2015},
	pmid = {25609174},
	pmcid = {PMC4307623},
	pages = {23}
}

@misc{_kvg_1994,
	title = {{KVG}, {SR} 832.10},
	shorttitle = {{SR} 832.10},
	url = {https://www.admin.ch/opc/de/classified-compilation/19940073/index.html},
	abstract = {Bundesgesetz vom 18. März 1994 über die Krankenversicherung (KVG)},
	urldate = {2016-03-23},
	month = mar,
	year = {1994}
}

@misc{_kvv_1995,
	title = {{KVV}, {SR} 832.102},
	shorttitle = {{SR} 832.102},
	url = {https://www.admin.ch/opc/de/classified-compilation/19950219/index.html},
	abstract = {Verordnung vom 27. Juni 1995 über die Krankenversicherung (KVV)},
	urldate = {2016-03-23},
	month = jun,
	year = {1995}
}

@book{kieser_tarif_2015,
	address = {Bern},
	title = {Tarif und {Tarifanpassung} in der {Krankenversicherung}: ein juristischer, ökonomischer und methodischer {Blick} auf den ambulanten {Bereich}},
	isbn = {978-3-7272-3170-4},
	shorttitle = {Tarif und {Tarifanpassung} in der {Krankenversicherung}},
	language = {German},
	publisher = {Stämpfli},
	author = {Kieser, Ueli and Oggier, Willy and Bührer, Andreas},
	year = {2015}
}

@misc{humbel_interpellation_2009,
	title = {Interpellation 09.3272: {Einheitliche} {Tarmed}- {Taxpunktwerte} in den {Kantonen}},
	shorttitle = {Ip. 09.3272},
	url = {https://www.parlament.ch/de/ratsbetrieb/suche-curia-vista/geschaeft?AffairId=20093272},
	author = {Humbel, Ruth},
	month = mar,
	year = {2009}
}

@misc{_botschaft_1991,
	title = {Botschaft und {Gesetzesentwurf} vom 6. {November} 1991 über die {Revision} der {Krankenversicherung}},
	shorttitle = {{BBl} 1992 {I} 93},
	url = {http://www.bag.admin.ch/themen/krankenversicherung/00305/13058/index.html?lang=de&download=NHzLpZeg7t,lnp6I0NTU042l2Z6ln1acy4Zn4Z2qZpnO2Yuq2Z6gpJCLdYJ6g2ym162epYbg2c_JjKbNoKSn6A--},
	month = nov,
	year = {1991}
}

@misc{graber_interpellation_2010,
	title = {Interpellation 10.3105: {Steigende} {Gesundheitskosten}},
	url = {https://www.parlament.ch/de/ratsbetrieb/suche-curia-vista/geschaeft?AffairId=20103105},
	author = {Graber, Jean-Pierre},
	month = mar,
	year = {2010}
}

@misc{cassis_motion_2015,
	title = {Motion 15.3385: {Gesundheitswesen}. {Ausgewogene} {Versorgung} dank differenzierten {Taxpunktwerten} in den {KVG}-{Tarifen} statt erneuter {Zulassungsstopp}},
	shorttitle = {15.3385},
	url = {https://www.parlament.ch/de/ratsbetrieb/suche-curia-vista/geschaeft?AffairId=20153385},
	author = {Cassis, Ignazio},
	month = may,
	year = {2015}
}

@misc{_botschaft_2004,
	title = {Botschaft betreffend die Änderung des {Bundesgesetzes}  über die {Krankenversicherung} ({Managed} {Care})},
	shorttitle = {{BBI} 2004 5599 - 5599},
	url = {https://www.admin.ch/opc/de/federal-gazette/2004/5599.pdf},
	month = sep,
	year = {2004}
}

@techreport{sangra_tarmed_2010,
	title = {{TARMED} - der {Tarif} für ambulant erbrachte ärztliche {Leistungen}},
	url = {http://bit.ly/2c9dofG},
	urldate = {2016-04-20},
	institution = {Eidgenössische Finanzkontrolle (EFK)},
	author = {Sangra, Emmanuel and Courbat, Claude},
	month = nov,
	year = {2010}
}

@techreport{widmer_tarmed_2004,
	title = {{TARMED} - {Vorbereitung} einer {Wirkungsanalyse} über die {Einführung} sowie die {Wirkungen} von {TARMED}},
	url = {http://www.ipz.uzh.ch/dam/jcr:00000000-6734-da5c-0000-000013de5504/Tarmed_2005_d.pdf},
	urldate = {2016-04-20},
	author = {Widmer, Thomas and Bisang, Kurt and Moser, Christian},
	month = dec,
	year = {2004}
}

@article{schurer_spezialarzte_2016,
	title = {Spezialärzte fangen {Tarif}-{Kürzungen} mit {Zusatz}-{Behandlungen} auf},
	url = {http://www.srf.ch/news/schweiz/spezialaerzte-fangen-tarif-kuerzungen-mit-zusatz-behandlungen-auf},
	urldate = {2016-04-30},
	author = {Schürer, Christian},
	month = apr,
	year = {2016}
}

@book{grolemund_r_2016,
	title = {R for {Data} {Science}},
	url = {http://r4ds.had.co.nz/},
	abstract = {This book will teach you how to do data science with R: You’ll learn how to get your data into R, get it into the most useful structure, transform it, visualise it and model it. In this book, you will find a practicum of skills for data science. Just as a chemist learns how to clean test tubes and stock a lab, you’ll learn how to clean data and draw plots—and many other things besides. These are the skills that allow data science to happen, and here you will find the best practices for doing each of these things with R. You’ll learn how to use the grammar of graphics, literate programming, and reproducible research to save time. You’ll also learn how to manage cognitive resources to facilitate discoveries when wrangling, visualizing, and exploring data.},
	urldate = {2016-06-25},
	author = {Grolemund, Garrett and Wickham, Hadley},
	year = {2016},
	file = {Snapshot:C\:\\Users\\Beat\\AppData\\Roaming\\Zotero\\Zotero\\Profiles\\7sw4no6p.default\\zotero\\storage\\KA2BRIM3\\r4ds.had.co.nz.html:text/html}
}

@article{trevino_small_2010,
	title = {Small {Bowel} {Obstruction}: {The} {Art} of {Management}},
	volume = {21},
	issn = {1559-7776},
	shorttitle = {Small {Bowel} {Obstruction}},
	url = {https://www.researchgate.net/publication/43355366_Small_Bowel_Obstruction_The_Art_of_Management},
	doi = {10.1097/NCI.0b013e3181d99247},
	abstract = {Strategies for the management of small bowel obstructions have changed significantly over the years. Nonoperative medical management has become the mainstay of treatment of many small bowel...},
	number = {2},
	urldate = {2016-08-11},
	journal = {ResearchGate},
	author = {Trevino, Colleen},
	month = apr,
	year = {2010},
	pmid = {20431447},
	pages = {187--94},
	file = {Snapshot:C\:\\Users\\Beat\\AppData\\Roaming\\Zotero\\Zotero\\Profiles\\7sw4no6p.default\\zotero\\storage\\BD2J2SXS\\43355366_Small_Bowel_Obstruction_The_Art_of_Management.html:text/html}
}

@article{sarraf-yazdi_small_2010,
	title = {Small bowel obstruction: {The} eternal dilemma of when to intervene},
	volume = {99},
	issn = {1457-4969},
	shorttitle = {Small bowel obstruction},
	url = {https://www.researchgate.net/publication/45461189_Small_bowel_obstruction_The_eternal_dilemma_of_when_to_intervene},
	abstract = {Most efforts directed at mitigating the overall incidence of small bowel obstruction have been unsuccessful, but the associated mortality has declined over the past few decades. Despite advances...},
	number = {2},
	urldate = {2016-08-11},
	journal = {ResearchGate},
	author = {Sarraf-Yazdi, S. and Shapiro, M. L.},
	month = jan,
	year = {2010},
	pmid = {20679041},
	pages = {78--80},
	file = {Full Text PDF:C\:\\Users\\Beat\\AppData\\Roaming\\Zotero\\Zotero\\Profiles\\7sw4no6p.default\\zotero\\storage\\EM2QW8J9\\Sarraf-Yazdi und Shapiro - 2010 - Small bowel obstruction The eternal dilemma of wh.pdf:application/pdf;Snapshot:C\:\\Users\\Beat\\AppData\\Roaming\\Zotero\\Zotero\\Profiles\\7sw4no6p.default\\zotero\\storage\\FXZH4TKV\\45461189_Small_bowel_obstruction_The_eternal_dilemma_of_when_to_intervene.html:text/html}
}

@article{jackson_evaluation_2011,
	title = {Evaluation and {Management} of {Intestinal} {Obstruction}},
	volume = {83},
	issn = {1532-0650},
	url = {https://www.researchgate.net/publication/49764047_Evaluation_and_Management_of_Intestinal_Obstruction},
	abstract = {Acute intestinal obstruction occurs when there is an interruption in the forward flow of intestinal contents. This interruption can occur at any point along the length of the gastrointestinal...},
	number = {2},
	urldate = {2016-08-11},
	journal = {ResearchGate},
	author = {Jackson, Patrick G. and Raiji, Manish T.},
	month = jan,
	year = {2011},
	pmid = {21243991},
	pages = {159--65},
	file = {Full Text PDF:C\:\\Users\\Beat\\AppData\\Roaming\\Zotero\\Zotero\\Profiles\\7sw4no6p.default\\zotero\\storage\\DS5GADNX\\Jackson und Raiji - 2011 - Evaluation and Management of Intestinal Obstructio.pdf:application/pdf;Snapshot:C\:\\Users\\Beat\\AppData\\Roaming\\Zotero\\Zotero\\Profiles\\7sw4no6p.default\\zotero\\storage\\EVAUR2JI\\49764047_Evaluation_and_Management_of_Intestinal_Obstruction.html:text/html}
}

@article{schraufnagel_how_2013,
	title = {How many sunsets? {Timing} of surgery in adhesive small bowel obstruction: {A} study of the {Nationwide} {Inpatient} {Sample}},
	volume = {74},
	issn = {2163-0763},
	shorttitle = {How many sunsets?},
	url = {https://www.researchgate.net/publication/233999290_How_many_sunsets_Timing_of_surgery_in_adhesive_small_bowel_obstruction_A_study_of_the_Nationwide_Inpatient_Sample},
	doi = {10.1097/TA.0b013e31827891a1},
	abstract = {Best practices promulgated by the Eastern Association for the Surgery of Trauma suggest that delay in surgery for adhesive small bowel obstruction (ASBO) should not exceed 5 days. This study aimed...},
	number = {1},
	urldate = {2016-08-11},
	journal = {ResearchGate},
	author = {Schraufnagel, Dean and Rajaee, Sean and Millham, Frederick Heaton},
	month = jan,
	year = {2013},
	pmid = {23271094},
	pages = {181--9},
	file = {Full Text PDF:C\:\\Users\\Beat\\AppData\\Roaming\\Zotero\\Zotero\\Profiles\\7sw4no6p.default\\zotero\\storage\\MJAWM9DX\\Schraufnagel et al. - 2013 - How many sunsets Timing of surgery in adhesive sm.pdf:application/pdf;Snapshot:C\:\\Users\\Beat\\AppData\\Roaming\\Zotero\\Zotero\\Profiles\\7sw4no6p.default\\zotero\\storage\\MHPF3DEZ\\233999290_How_many_sunsets_Timing_of_surgery_in_adhesive_small_bowel_obstruction_A_study_of_the.html:text/html}
}

@article{mcvay_weekend_2014,
	title = {The weekend effect: does time of admission impact management and outcomes of small bowel obstruction?},
	volume = {2},
	issn = {2052-0034},
	shorttitle = {The weekend effect},
	url = {https://www.researchgate.net/publication/263860318_The_weekend_effect_does_time_of_admission_impact_management_and_outcomes_of_small_bowel_obstruction},
	doi = {10.1093/gastro/gou043},
	abstract = {Aims: To determine whether day and time of admission influences the practice patterns of the admitting general surgeon and subsequent outcomes for patients diagnosed with small bowel...},
	number = {3},
	urldate = {2016-08-11},
	journal = {ResearchGate},
	author = {McVay, Derek P. and Walker, Avery S. and Nelson, Daniel W. and Porta, Christopher R. and Causey, Marlin W. and Brown, Tommy A.},
	month = jul,
	year = {2014},
	pmid = {25008263},
	file = {Full Text PDF:C\:\\Users\\Beat\\AppData\\Roaming\\Zotero\\Zotero\\Profiles\\7sw4no6p.default\\zotero\\storage\\WZ4BWS57\\McVay et al. - 2014 - The weekend effect does time of admission impact .pdf:application/pdf;Snapshot:C\:\\Users\\Beat\\AppData\\Roaming\\Zotero\\Zotero\\Profiles\\7sw4no6p.default\\zotero\\storage\\P7BPJUUP\\263860318_The_weekend_effect_does_time_of_admission_impact_management_and_outcomes_of_small_bow.html:text/html}
}

@article{saverio_bologna_2013,
	title = {Bologna guidelines for diagnosis and management of {Adhesive} {Small} {Bowel} {Obstruction} ({ASBO}): 2013 update of the evidence-based guidelines from the world society of emergency surgery {ASBO} working group},
	volume = {8},
	issn = {1749-7922},
	shorttitle = {Bologna guidelines for diagnosis and management of {Adhesive} {Small} {Bowel} {Obstruction} ({ASBO})},
	url = {https://www.researchgate.net/publication/257646591_Bologna_guidelines_for_diagnosis_and_management_of_Adhesive_Small_Bowel_Obstruction_ASBO_2013_update_of_the_evidence-based_guidelines_from_the_world_society_of_emergency_surgery_ASBO_working_group},
	doi = {10.1186/1749-7922-8-42},
	abstract = {Background
In 2013 Guidelines on diagnosis and management of ASBO have been revised and updated by the WSES Working Group on ASBO to develop current evidence-based algorithms and focus indications...},
	number = {1},
	urldate = {2016-08-11},
	journal = {ResearchGate},
	author = {Saverio, Salomone Di and Coccolini, Federico and Galati, Marica and Smerieri, Nazareno and Biffl, Walter L. and Ansaloni, Luca and Tugnoli, Gregorio and Velmahos, George C. and Sartelli, Massimo and Bendinelli, Cino and Fraga, Gustavo Pereira and Kelly, Michael D. and Moore, Frederick A. and Mandalà, Vincenzo and Mandalà, Stefano and Masetti, Michele and Jovine, Elio and Pinna, Antonio D. and Peitzman, Andrew B. and Leppaniemi, Ari and Sugarbaker, Paul H. and Goor, Harry Van and Moore, Ernest E. and Jeekel, Johannes and Catena, Fausto},
	month = oct,
	year = {2013},
	pmid = {24112637},
	pages = {42},
	file = {Full Text PDF:C\:\\Users\\Beat\\AppData\\Roaming\\Zotero\\Zotero\\Profiles\\7sw4no6p.default\\zotero\\storage\\AIUGFRRD\\Saverio et al. - 2013 - Bologna guidelines for diagnosis and management of.pdf:application/pdf;Snapshot:C\:\\Users\\Beat\\AppData\\Roaming\\Zotero\\Zotero\\Profiles\\7sw4no6p.default\\zotero\\storage\\6MXK8GBH\\257646591_Bologna_guidelines_for_diagnosis_and_management_of_Adhesive_Small_Bowel_Obstruction_A.html:text/html}
}

@article{nordin_laparoscopic_2016,
	title = {Laparoscopic versus open surgical management of small bowel obstruction: an analysis of clinical outcomes},
	issn = {0930-2794},
	shorttitle = {Laparoscopic versus open surgical management of small bowel obstruction},
	url = {https://www.researchgate.net/publication/296472799_Laparoscopic_versus_open_surgical_management_of_small_bowel_obstruction_an_analysis_of_clinical_outcomes},
	doi = {10.1007/s00464-016-4776-2},
	abstract = {Background: 
Laparotomy is the standard surgical approach for treatment of small bowel obstruction (SBO). Laparoscopic management could be beneficial in terms of less complications and shorter...},
	urldate = {2016-08-11},
	journal = {ResearchGate},
	author = {Nordin, Ann and Freedman, Jacob},
	month = feb,
	year = {2016},
	pmid = {26928189},
	file = {Snapshot:C\:\\Users\\Beat\\AppData\\Roaming\\Zotero\\Zotero\\Profiles\\7sw4no6p.default\\zotero\\storage\\3MQZ7Q6M\\296472799_Laparoscopic_versus_open_surgical_management_of_small_bowel_obstruction_an_analysis_o.html:text/html}
}

@article{lombardo_should_2014,
	title = {Should adhesive small bowel obstruction be managed laparoscopically? {A} {National} {Surgical} {Quality} {Improvement} {Program} propensity score analysis},
	volume = {76},
	issn = {2163-0763},
	shorttitle = {Should adhesive small bowel obstruction be managed laparoscopically?},
	url = {https://www.researchgate.net/publication/260271316_Should_adhesive_small_bowel_obstruction_be_managed_laparoscopically_A_National_Surgical_Quality_Improvement_Program_propensity_score_analysis},
	doi = {10.1097/TA.0000000000000156},
	abstract = {Celiotomy is the most common approach for refractory small bowel obstruction (SBO). Small reviews suggest that a laparoscopic approach is associated with shorter stay and less morbidity. Given the...},
	number = {3},
	urldate = {2016-08-11},
	journal = {ResearchGate},
	author = {Lombardo, Sarah and Baum, Kerry and Filho, Jorge Deamorim and Nirula, Ram},
	month = mar,
	year = {2014},
	pmid = {24553536},
	pages = {696--703},
	file = {Snapshot:C\:\\Users\\Beat\\AppData\\Roaming\\Zotero\\Zotero\\Profiles\\7sw4no6p.default\\zotero\\storage\\Z3F77J3A\\260271316_Should_adhesive_small_bowel_obstruction_be_managed_laparoscopically_A_National_Surgic.html:text/html}
}

@misc{_spezialarzte_????,
	title = {Spezialärzte fangen {Tarif}-{Kürzungen} mit {Zusatz}-{Behandlungen} auf - {News} - {Schweizer} {Radio} und {Fernsehen}},
	url = {http://www.srf.ch/news/schweiz/spezialaerzte-fangen-tarif-kuerzungen-mit-zusatz-behandlungen-auf},
	urldate = {2016-04-30}
}

@book{kieser_tarif_2015-1,
	address = {Bern},
	title = {Tarif und {Tarifanpassung} in der {Krankenversicherung} : ein juristischer, ökonomischer und methodischer {Blick} auf den ambulanten {Bereich}},
	isbn = {978-3-7272-3170-4},
	shorttitle = {Tarif und {Tarifanpassung} in der {Krankenversicherung}},
	publisher = {Stämpfli},
	author = {Kieser, Ueli},
	year = {2015},
	file = {Standorte & bestellen\: Tarif und Tarifanpassung in der Krankenversicherung:C\:\\Users\\Beat\\AppData\\Roaming\\Zotero\\Zotero\\Profiles\\7sw4no6p.default\\zotero\\storage\\EJQS9CTA\\354429531.html:text/html}
}

@book{kieser_tarif_2015-2,
	address = {Bern},
	title = {Tarif und {Tarifanpassung} in der {Krankenversicherung}: ein juristischer, ökonomischer und methodischer {Blick} auf den ambulanten {Bereich}},
	isbn = {978-3-7272-3170-4},
	shorttitle = {Tarif und {Tarifanpassung} in der {Krankenversicherung}},
	language = {German},
	publisher = {Stämpfli},
	author = {Kieser, Ueli and Oggier, Willy and Bührer, Andreas},
	year = {2015}
}

@book{kieser_tarif_2015-3,
	address = {Bern},
	title = {Tarif und {Tarifanpassung} in der {Krankenversicherung} : ein juristischer, ökonomischer und methodischer {Blick} auf den ambulanten {Bereich}},
	isbn = {978-3-7272-3170-4},
	shorttitle = {Tarif und {Tarifanpassung} in der {Krankenversicherung}},
	publisher = {Stämpfli},
	author = {Kieser, Ueli},
	year = {2015},
	file = {Standorte & bestellen\: Tarif und Tarifanpassung in der Krankenversicherung:C\:\\Users\\Beat\\AppData\\Roaming\\Zotero\\Zotero\\Profiles\\7sw4no6p.default\\zotero\\storage\\JGBRIXQW\\354429531.html:text/html}
}

@misc{arn_ileus_????,
	title = {Ileus – {Ursachen} und {Therapieoptionen}},
	url = {http://www.medicalforum.ch/docs/smf/2014/44/de/smf-02081.pdf},
	urldate = {2016-08-14},
	author = {Arn, Eva and Breitenstein, Stefan and Stärkle, Ralph Fabian and Soyka, Jan},
	file = {smf-02081.pdf:C\:\\Users\\Beat\\AppData\\Roaming\\Zotero\\Zotero\\Profiles\\7sw4no6p.default\\zotero\\storage\\BUQUSA3P\\smf-02081.pdf:application/pdf}
}

@misc{_10.3105_????,
	title = {10.3105 {\textbar} {Steigende} {Gesundheitskosten} {\textbar} {Das} {Schweizer} {Parlament}},
	url = {https://www.parlament.ch/de/ratsbetrieb/suche-curia-vista/geschaeft?AffairId=20103105},
	urldate = {2016-04-03}
}

@book{kieser_tarif_2015-4,
	address = {Bern},
	title = {Tarif und {Tarifanpassung} in der {Krankenversicherung} : ein juristischer, ökonomischer und methodischer {Blick} auf den ambulanten {Bereich}},
	isbn = {978-3-7272-3170-4},
	shorttitle = {Tarif und {Tarifanpassung} in der {Krankenversicherung}},
	language = {ger},
	publisher = {Stämpfli},
	author = {Kieser, Ueli and Oggier, Willy and Bührer, Andreas},
	year = {2015},
	keywords = {Confédération Helvétique, Confédération Suisse, Confederazione Federale, Confederazione Helvetica, Confederazione Svizzera, Confederaziun Svizra, Confoederatio Helvetica, Eidgenossenschaft Schweiz, Gesetzliche Krankenversicherung, GKV, Helvetia, Helvetien, Helvetische Republik, République Helvetique, Schweiz, Schweizerische Eidgenossenschaft, Soziale Krankenversicherung, Suisse, Svájci Hozzájárulás, Svizzera, Svizzra, Swiss Confederation, Switzerland, Tarif Versicherung, Versicherungstarif}
}

@book{kieser_tarif_2015-5,
	address = {Bern},
	title = {Tarif und {Tarifanpassung} in der {Krankenversicherung} : ein juristischer, ökonomischer und methodischer {Blick} auf den ambulanten {Bereich}},
	isbn = {978-3-7272-3170-4},
	shorttitle = {Tarif und {Tarifanpassung} in der {Krankenversicherung}},
	publisher = {Stämpfli},
	author = {Kieser, Ueli},
	year = {2015},
	file = {Standorte & bestellen\: Tarif und Tarifanpassung in der Krankenversicherung:C\:\\Users\\Beat\\AppData\\Roaming\\Zotero\\Zotero\\Profiles\\7sw4no6p.default\\zotero\\storage\\6U3XTED6\\354429531.html:text/html}
}

@book{kieser_tarif_2015-6,
	address = {Bern},
	title = {Tarif und {Tarifanpassung} in der {Krankenversicherung} : ein juristischer, ökonomischer und methodischer {Blick} auf den ambulanten {Bereich}},
	isbn = {978-3-7272-3170-4},
	shorttitle = {Tarif und {Tarifanpassung} in der {Krankenversicherung}},
	publisher = {Stämpfli},
	author = {Kieser, Ueli},
	year = {2015},
	file = {Standorte & bestellen\: Tarif und Tarifanpassung in der Krankenversicherung:C\:\\Users\\Beat\\AppData\\Roaming\\Zotero\\Zotero\\Profiles\\7sw4no6p.default\\zotero\\storage\\SB6EWK9K\\354429531.html:text/html}
}

@misc{_clearpassage.com_????,
	title = {clearpassage.com},
	url = {http://www.clearpassage.com/resources/published-studies/},
	urldate = {2016-08-13},
	file = {Published Studies:C\:\\Users\\Beat\\AppData\\Roaming\\Zotero\\Zotero\\Profiles\\7sw4no6p.default\\zotero\\storage\\TWXZNZKK\\published-studies.html:text/html}
}

@misc{schurer_spezialarzte_2016-1,
	title = {Spezialärzte fangen {Tarif}-{Kürzungen} mit {Zusatz}-{Behandlungen} auf},
	url = {http://www.srf.ch/news/schweiz/spezialaerzte-fangen-tarif-kuerzungen-mit-zusatz-behandlungen-auf},
	abstract = {Der Arzttarif Tarmed wird gegenwärtig überarbeitet. Bereits 2014 änderte der Bundesrat den Tarif. Hausärzte sollten mehr, Spezialärzte weniger verdienen. Neue Zahlen, die «10vor10» vorliegen, zeigen: Dieser Eingriff erzielte die gewünschte Wirkung nicht.},
	urldate = {2016-04-30},
	journal = {Schweizer Radio und Fernsehen (SRF)},
	author = {Schürer, Christian},
	month = apr,
	year = {2016},
	file = {Snapshot:C\:\\Users\\Beat\\AppData\\Roaming\\Zotero\\Zotero\\Profiles\\7sw4no6p.default\\zotero\\storage\\2FMKVEKS\\spezialaerzte-fangen-tarif-kuerzungen-mit-zusatz-behandlungen-auf.html:text/html}
}

@article{branco_systematic_2010,
	title = {Systematic review and meta-analysis of the diagnostic and therapeutic role of water-soluble contrast agent in adhesive small bowel obstruction},
	volume = {97},
	issn = {1365-2168},
	url = {http://onlinelibrary.wiley.com.ezproxy.uzh.ch/doi/10.1002/bjs.7019/abstract},
	doi = {10.1002/bjs.7019},
	abstract = {Background:
This meta-analysis assessed the diagnostic and therapeutic role of water-soluble contrast agent (WSCA) in adhesive small bowel obstruction (SBO).
Methods:
PubMed, Embase and Cochrane databases were searched systematically. The primary outcome in the diagnostic role of WSCA was its ability to predict the need for surgery. In the therapeutic role, the following were evaluated: resolution of SBO without surgery, time from admission to resolution, duration of hospital stay, complications and mortality. To assess the diagnostic role of WSCA, pooled estimates of sensitivity, specificity, positive and negative predictive values, and likelihood ratios were derived. For the therapeutic role of WSCA, weighted odds ratio (OR) and weighted mean difference (WMD) were obtained.
Results:
Fourteen prospective studies were included. The appearance of contrast in the colon within 4–24 h after administration had a sensitivity of 96 per cent and specificity of 98 per cent in predicting resolution of SBO. WSCA administration was effective in reducing the need for surgery (OR 0·62; P = 0·007) and shortening hospital stay (WMD −1·87 days; P {\textless} 0·001) compared with conventional treatment.
Conclusion:
Water-soluble contrast was effective in predicting the need for surgery in patients with adhesive SBO. In addition, it reduced the need for operation and shortened hospital stay. Copyright © 2010 British Journal of Surgery Society Ltd. Published by John Wiley \& Sons, Ltd.},
	language = {en},
	number = {4},
	urldate = {2016-08-21},
	journal = {British Journal of Surgery},
	author = {Branco, B. C. and Barmparas, G. and Schnüriger, B. and Inaba, K. and Chan, L. S. and Demetriades, D.},
	month = apr,
	year = {2010},
	pages = {470--478},
	file = {Full Text PDF:C\:\\Users\\Beat\\AppData\\Roaming\\Zotero\\Zotero\\Profiles\\7sw4no6p.default\\zotero\\storage\\MEWQQ63F\\Branco et al. - 2010 - Systematic review and meta-analysis of the diagnos.pdf:application/pdf;Snapshot:C\:\\Users\\Beat\\AppData\\Roaming\\Zotero\\Zotero\\Profiles\\7sw4no6p.default\\zotero\\storage\\CPJH2VR3\\abstract.html:text/html}
}

@article{rice_treating_2016,
	title = {Treating {Small} {Bowel} {Obstruction} with a {Manual} {Physical} {Therapy}: {A} {Prospective} {Efficacy} {Study}},
	volume = {2016},
	issn = {2314-6133},
	shorttitle = {Treating {Small} {Bowel} {Obstruction} with a {Manual} {Physical} {Therapy}},
	url = {http://www.hindawi.com/journals/bmri/2016/7610387/abs/},
	doi = {10.1155/2016/7610387},
	abstract = {Small bowel obstructions (SBOs) caused by adhesions are a common, often life-threatening postsurgical complication with few treatment options available for patients. This study examines the efficacy of a manual physical therapy treatment regimen on the pain and quality of life of subjects with a history of bowel obstructions due to adhesions in a prospective, controlled survey based study. Changes in six domains of quality of life were measured via ratings reported before and after treatment using the validated Small Bowel Obstruction Questionnaire (SBO-Q). Improvements in the domains for pain (), overall quality of life (), and pain severity () were significant when average scores before treatment were compared with scores after treatment. The gastrointestinal symptoms () domain was marginally significant. There was no statistically significant improvement identified in the diet or medication domains in the SBO-Q for this population. Significant improvements in range of motion in the trunk (), often limited by adhesions, were also observed for all measures. This study demonstrates in a small number of subjects that this manual physical therapy protocol is an effective treatment option for patients with adhesive small bowel obstructions as measured by subject reported symptoms and quality of life.},
	language = {en},
	urldate = {2016-09-04},
	journal = {BioMed Research International},
	author = {Rice, Amanda D. and Patterson, Kimberley and Reed, Evette D. and Wurn, Belinda F. and Klingenberg, Bernhard and King, C. Richard and Wurn, Lawrence J.},
	month = feb,
	year = {2016},
	pages = {e7610387},
	file = {Full Text PDF:C\:\\Users\\Beat\\AppData\\Roaming\\Zotero\\Zotero\\Profiles\\7sw4no6p.default\\zotero\\storage\\2VZ66MZ4\\Rice et al. - 2016 - Treating Small Bowel Obstruction with a Manual Phy.pdf:application/pdf;Snapshot:C\:\\Users\\Beat\\AppData\\Roaming\\Zotero\\Zotero\\Profiles\\7sw4no6p.default\\zotero\\storage\\KM4GXVGC\\7610387.html:application/xhtml+xml}
}

@techreport{ettelt_health_2006,
	title = {Health care outside hospital - {Accessing} generalist and specialist care in eight countries},
	url = {http://www.euro.who.int/__data/assets/pdf_file/0009/108963/E892592.pdf?ua=1},
	urldate = {2016-09-04},
	institution = {European Observatory on Health Systems and Policies},
	author = {Ettelt, Stefanie and Nolte, Ellen and Mays, Nicholas and Thomson, Sarah and McKee, Martin},
	year = {2006},
	file = {Access Policy brief\:Covers - E892592.pdf:C\:\\Users\\Beat\\AppData\\Roaming\\Zotero\\Zotero\\Profiles\\7sw4no6p.default\\zotero\\storage\\NG4I8NB4\\E892592.pdf:application/pdf}
}

@techreport{edi_gesundheit_2013,
	type = {Medienbericht},
	title = {Gesundheit 2020 - {Die} gesundheitspolitischen {Prioritäten} des {Bundesrates}},
	shorttitle = {Gesundheit 2020},
	url = {http://bit.ly/1orgI7g},
	abstract = {Der Bundesrat hat am 22. Juni 2011 eine gesundheitspolitische Agenda verabschiedet
und das Eidgenössische Departement des Innern (EDI) aufgefordert, im Herbst 2012
über die Umsetzung Bericht zu erstatten. In der Zwischenzeit haben sich in der gesund-
heitspolitischen Ausgangslage wesentliche Veränderungen ergeben. So wurde die
Managed-Care-Vorlage am 17. Juni 2012 durch das Schweizervolk verworfen und das
Parlament lehnte am 27. September das Präventionsgesetz ab. Diese Veränderungen
führen das EDI dazu, eine überarbeitete und weiterführende gesundheitspolitische
Agenda bis 2020 vorzuschlagen.},
	urldate = {2016-09-04},
	institution = {Eidg. Departement des Inneren},
	author = {EDI},
	month = jan,
	year = {2013},
	file = {index.pdf:C\:\\Users\\Beat\\AppData\\Roaming\\Zotero\\Zotero\\Profiles\\7sw4no6p.default\\zotero\\storage\\PPD7G5X8\\index.pdf:application/pdf}
}

@book{thomson_financing_2009,
	address = {Copenhagen},
	series = {Observatory studies series},
	title = {Financing health care in the {European} {Union}: challenges and policy responses},
	isbn = {978-92-890-4165-2},
	shorttitle = {Financing health care in the {European} {Union}},
	url = {http://bit.ly/1o5es2h},
	number = {no. 17},
	publisher = {World Health Organization on behalf of the European Observatory on Health Systems and Policies},
	author = {Thomson, Sarah and Foubister, Thomas and Mossialos, Elias},
	collaborator = {{European Observatory on Health Systems and Policies} and {European Parliament}},
	year = {2009},
	note = {OCLC: ocn429024430},
	keywords = {Cost control, European Union countries, Health care reform, Medical care, Medical economics, Medical policy},
	annote = {The problem of sustainability -- Distinguishing economic and fiscal sustainability -- Addressing the fiscal sustainability problem -- Health care expenditure in context -- Health care financing in the European Union -- Frameworks for analysis -- Descriptive analysis of financing arrangements -- Health care financing reforms: options, trends and impact -- Maximizing collection and changing the mix of contribution mechanisms -- Addressing fragmented pooling -- Expanding entitlement to public coverage and defining benefits -- From passive reimbursement to strategic purchasing of health services -- Conclusions and policy recommendations -- Which reforms are most likely to enhance sustainability? -- Is there an optimal method of financing health care? -- Policy recommendations -- Annex: summaries of health care financing by Member State},
	annote = {"This study was requested and financed by the European Parliament's Committee on Employment and Social Affairs (EMPL)."},
	file = {Financing health care in the European Region - Challenges and policy responses - E92469.pdf:C\:\\Users\\Beat\\AppData\\Roaming\\Zotero\\Zotero\\Profiles\\7sw4no6p.default\\zotero\\storage\\F3V8AINB\\E92469.pdf:application/pdf}
}

@book{thomson_addressing_2009,
	title = {Addressing financial sustainability in health systems},
	url = {http://www.president.bg/docs/1352304349.pdf},
	urldate = {2016-09-05},
	publisher = {World Health Organization Copenhagen},
	author = {Thomson, Sarah and Foubister, Tom and Figueras, Josep and Kutzin, Joseph and Permanand, Govin and Bryndová, Lucie},
	year = {2009},
	file = {Addressing financial sustainability in health systems - E93058.pdf:C\:\\Users\\Beat\\AppData\\Roaming\\Zotero\\Zotero\\Profiles\\7sw4no6p.default\\zotero\\storage\\XZ2Q49RS\\E93058.pdf:application/pdf}
}

@techreport{peckham_gp_2014,
	title = {{GP} payment schemes review},
	url = {https://www.kent.ac.uk/chss/docs/GP-payment-schemes-review-Final.pdf},
	abstract = {We  conducted  a  review  of  the  literature  on  primary  care  physician (Eg  family  doctor,  general practitioner  or  other  generalist  working  in  a  community  setting) payment, methods  and  their impacts on physician behaviour.},
	urldate = {2016-09-04},
	institution = {Policy Reasearch Unit in Commissioning and the Healthcare System},
	author = {Peckham, Stephen and Gousia, Katerina},
	month = oct,
	year = {2014},
	file = {GP-payment-schemes-review-Final.pdf:C\:\\Users\\Beat\\AppData\\Roaming\\Zotero\\Zotero\\Profiles\\7sw4no6p.default\\zotero\\storage\\SMC87S6J\\GP-payment-schemes-review-Final.pdf:application/pdf}
}

@techreport{smolders_optimal_2007,
	title = {An optimal renumeration for {General} {Practitioners}},
	url = {http://bit.ly/2ctP0Gr},
	urldate = {2016-09-04},
	institution = {Dutch Healthcare  Authority (NZa)},
	author = {Smolders, Nicole and Seinen, Ingrid},
	month = jul,
	year = {2007},
	file = {Research_paper_An_Optimal_remuneration_system_for_General_Practitioners.pdf:C\:\\Users\\Beat\\AppData\\Roaming\\Zotero\\Zotero\\Profiles\\7sw4no6p.default\\zotero\\storage\\4IGXANGI\\Research_paper_An_Optimal_remuneration_system_for_General_Practitioners.pdf:application/pdf}
}

@techreport{moser_zur_2012,
	title = {Zur {Eignung} der geltenden {Tarifregelungen} und {Tarife} nach {KVG} für neue {Versorgungsmodelle}},
	url = {http://www.bag.admin.ch/themen/krankenversicherung/00305/04216/index.html?lang=de&download=NHzLpZeg7t,lnp6I0NTU042l2Z6ln1acy4Zn4Z2qZpnO2Yuq2Z6gpJCLdoN2e2ym162epYbg2c_JjKbNoKSn6A--},
	urldate = {2016-09-07},
	author = {Moser, Markus},
	month = dec,
	year = {2012},
	file = {index.pdf:C\:\\Users\\Beat\\AppData\\Roaming\\Zotero\\Zotero\\Profiles\\7sw4no6p.default\\zotero\\storage\\2J338Q9I\\index.pdf:application/pdf}
}

@article{forster_steigende_2016,
	title = {Steigende {Gesundheitskosten}: {Berset} will das {Wachstum} drosseln},
	shorttitle = {Steigende {Gesundheitskosten}},
	url = {http://bit.ly/2bUFaAY},
	abstract = {Der Bund prüft, das Mengenwachstum über Budgets einzudämmen.},
	urldate = {2016-09-07},
	journal = {Neue Zürcher Zeitung},
	author = {Forster, Christof},
	month = sep,
	year = {2016},
	file = {Snapshot:C\:\\Users\\Beat\\AppData\\Roaming\\Zotero\\Zotero\\Profiles\\7sw4no6p.default\\zotero\\storage\\KK7CAKJQ\\steigende-gesundheitskosten-berset-will-das-wachstum-drosseln-ld.html:text/html}
}

@article{nordwestschweiz_schweiz_2016,
	title = {Der {Schweiz} fehlen über 2000 {Hausärzte} – und es werden mehr},
	url = {http://bit.ly/2c9crUA},
	urldate = {2016-09-07},
	journal = {Aargauer Zeitung},
	author = {Nordwestschweiz},
	month = sep,
	year = {2016},
	file = {Der Schweiz fehlen über 2000 Hausärzte – und es werden mehr - Schweiz - az Aargauer Zeitung:C\:\\Users\\Beat\\AppData\\Roaming\\Zotero\\Zotero\\Profiles\\7sw4no6p.default\\zotero\\storage\\3G5E8ZJW\\der-schweiz-fehlen-ueber-2000-hausaerzte-und-es-werden-mehr-130539714.html:text/html}
}

@article{edi_mengenwachstum_2016,
	address = {Bern},
	title = {Mengenwachstum im {Gesundheitswesen} eindämmen – zusätzliche {Massnahmen} nötig},
	url = {http://bit.ly/2c5g0hg},
	urldate = {2016-09-07},
	journal = {Medienmitteilung},
	author = {{EDI}},
	month = sep,
	year = {2016},
	file = {Mengenwachstum im Gesundheitswesen eindämmen – zusätzliche Massnahmen nötig:C\:\\Users\\Beat\\AppData\\Roaming\\Zotero\\Zotero\\Profiles\\7sw4no6p.default\\zotero\\storage\\WGTMF8E7\\medienmitteilungen.msg-id-63621.html:text/html}
}

@techreport{ruesch_messinstrumente_2011,
	address = {Neuchâtel},
	title = {Messinstrumente zu psychischer  {Gesundheit}-{Krankheit} in der {Schweizerischen}  {Gesundheitsbefragungefragung}. {Empirische} {Analyse}  der {Messeigenschaften} und {Vergleich} mit europäischer {Erhebung}},
	url = {http://www.obsan.admin.ch/sites/default/files/publications/2015/obsan_dossier_16.pdf},
	number = {16},
	urldate = {2016-09-22},
	institution = {Schweizerisches Gesundheitsobservatorium},
	author = {Rüesch, Peter and Volken, Thomas and Bänziger, Andreas and Gügler, Rahel},
	year = {2011},
	file = {obsan_dossier_16.pdf:C\:\\Users\\Beat\\AppData\\Roaming\\Zotero\\Zotero\\Profiles\\7sw4no6p.default\\zotero\\storage\\P9D2CNTK\\obsan_dossier_16.pdf:application/pdf}
}

@techreport{_monitoring_????,
	type = {Faktenblatt},
	title = {Monitoring der {Gewichtsdaten} der schulärztlichen {Dienste} der {Städte} {Basel}, {Bern} und {Zürich}},
	url = {https://gesundheitsfoerderung.ch/assets/public/documents/1_de/d-ueber-uns/5-downloads/Faktenblatt_005_GFCH_2015-06_-_BMI-Monitoring.pdf},
	number = {5},
	urldate = {2016-09-26},
	file = {Faktenblatt_005_GFCH_2015-06_-_BMI-Monitoring.pdf:C\:\\Users\\Beat\\AppData\\Roaming\\Zotero\\Zotero\\Profiles\\7sw4no6p.default\\zotero\\storage\\C65ZSCJ5\\Faktenblatt_005_GFCH_2015-06_-_BMI-Monitoring.pdf:application/pdf}
}

@techreport{stamm_monitoring_2016,
	address = {Bern und Lausanne},
	title = {Monitoring der {Gewichtsdaten} der schulärztlichen {Dienste} der {Städte} {Basel}, {Bern} und {Zürich}},
	number = {Faktenblatt 13},
	urldate = {2016-09-26},
	institution = {Gesundheitsförderung Schweiz},
	author = {Stamm, Hanspeter and Bauschatz, Andrea-Seraina and Ceschi, Michela and Guggenbühl, Lisa and Lamprecht, Markus and Ledergerber, Markus and Sperisen, Nicolas and Staehelin, Katharina and Huwiler, Susanne and Tschumper, Annemarie and Wiegand, Doris},
	month = mar,
	year = {2016},
	file = {Faktenblatt_013_GFCH_2016-03_-_BMI-Monitoring.pdf:C\:\\Users\\Beat\\AppData\\Roaming\\Zotero\\Zotero\\Profiles\\7sw4no6p.default\\zotero\\storage\\IGEMRP9Z\\Faktenblatt_013_GFCH_2016-03_-_BMI-Monitoring.pdf:application/pdf}
}

@book{antonovsky_salutogenese_1997,
	title = {Salutogenese : zur {Entmystifizierung} der {Gesundheit}},
	volume = {Band 36},
	isbn = {3-87159-136-X},
	author = {Antonovsky, Aaron},
	year = {1997}
}

@techreport{bengel_was_2001,
	address = {Köln},
	title = {Was erhält {Menschen} gesund? {Antonovskys} {Modell} der {Salutogenese}},
	url = {http://www.bzga.de/pdf.php?id=0ddf4b0628799d2005cc654f15e704b9},
	number = {Band 6},
	urldate = {2016-10-23},
	institution = {Bundeszentrale für gesundheitliche Aufklärung},
	author = {Bengel, Jürgen and Strittmatter, Regine and Willmann, Hildegard},
	year = {2001},
	pages = {172},
	file = {pdf.pdf:C\:\\Users\\Beat\\AppData\\Roaming\\Zotero\\Zotero\\Profiles\\7sw4no6p.default\\zotero\\storage\\BQPBRH3S\\pdf.pdf:application/pdf}
}

@article{rumpf_screening_2001,
	title = {Screening for mental health: validity of the {MHI}-5 using {DSM}-{IV} {Axis} {I} psychiatric disorders as gold standard},
	volume = {105},
	issn = {01651781},
	shorttitle = {Screening for mental health},
	url = {http://linkinghub.elsevier.com/retrieve/pii/S0165178101003298},
	doi = {10.1016/S0165-1781(01)00329-8},
	language = {en},
	number = {3},
	urldate = {2016-10-23},
	journal = {Psychiatry Research},
	author = {Rumpf, Hans-Jürgen and Meyer, Christian and Hapke, Ulfert and John, Ulrich},
	month = dec,
	year = {2001},
	pages = {243--253}
}

@techreport{bachmann_soziale_2014,
	title = {Soziale {Ressourcen} als {Gesundheitsschutz}: {Wirkungsweise} und {Verbreitung} in der {Schweizer} {Bevölkerung} und in {Europa}},
	shorttitle = {Soziale {Ressourcen} als {Gesundheitsschutz}},
	url = {http://www.obsan.admin.ch/sites/default/files/publications/2015/obsan_dossier_27.pdf},
	number = {27},
	urldate = {2016-10-23},
	institution = {Obsan},
	author = {Bachmann, Nicole},
	year = {2014},
	file = {Titel - obsan_dossier_27.pdf:C\:\\Users\\Beat\\AppData\\Roaming\\Zotero\\Zotero\\Profiles\\7sw4no6p.default\\zotero\\storage\\3T7ZRQTT\\obsan_dossier_27.pdf:application/pdf}
}

@article{uchino_social_2006,
	title = {Social {Support} and {Health}: {A} {Review} of {Physiological} {Processes} {Potentially} {Underlying} {Links} to {Disease} {Outcomes}},
	volume = {29},
	issn = {0160-7715, 1573-3521},
	shorttitle = {Social {Support} and {Health}},
	url = {http://link.springer.com/10.1007/s10865-006-9056-5},
	doi = {10.1007/s10865-006-9056-5},
	language = {en},
	number = {4},
	urldate = {2016-10-23},
	journal = {Journal of Behavioral Medicine},
	author = {Uchino, Bert N.},
	month = aug,
	year = {2006},
	pages = {377--387},
	file = {uchino2006.pdf:C\:\\Users\\Beat\\AppData\\Roaming\\Zotero\\Zotero\\Profiles\\7sw4no6p.default\\zotero\\storage\\7TCXDK87\\uchino2006.pdf:application/pdf}
}

@article{uchino_psychological_2012,
	title = {Psychological pathways linking social support to health outcomes: {A} visit with the “ghosts” of research past, present, and future},
	volume = {74},
	issn = {02779536},
	shorttitle = {Psychological pathways linking social support to health outcomes},
	url = {http://linkinghub.elsevier.com/retrieve/pii/S0277953612000196},
	doi = {10.1016/j.socscimed.2011.11.023},
	language = {en},
	number = {7},
	urldate = {2016-10-23},
	journal = {Social Science \& Medicine},
	author = {Uchino, Bert N. and Bowen, Kimberly and Carlisle, McKenzie and Birmingham, Wendy},
	month = apr,
	year = {2012},
	pages = {949--957},
	file = {nihms352908.pdf:C\:\\Users\\Beat\\AppData\\Roaming\\Zotero\\Zotero\\Profiles\\7sw4no6p.default\\zotero\\storage\\QII3A9IQ\\nihms352908.pdf:application/pdf}
}

@book{berkman_social_2000,
	address = {New York},
	title = {Social epidemiology},
	isbn = {978-0-19-508331-6},
	publisher = {Oxford University Press},
	editor = {Berkman, Lisa F. and Kawachi, Ichirō},
	year = {2000},
	keywords = {Epidemiology, Social aspects, Social medicine}
}

@incollection{rappaport_social_2000,
	address = {Boston, MA},
	title = {Social {Support} {Research} in {Community} {Psychology}},
	isbn = {978-1-4613-6881-6 978-1-4615-4193-6},
	url = {http://link.springer.com/10.1007/978-1-4615-4193-6_10},
	language = {en},
	urldate = {2016-10-23},
	booktitle = {Handbook of {Community} {Psychology}},
	publisher = {Springer US},
	author = {Barrera, Manuel},
	editor = {Rappaport, Julian and Seidman, Edward},
	year = {2000},
	pages = {215--245}
}

@book{richter_gesundheitliche_2009,
	address = {Wiesbaden},
	edition = {2., aktualisierte Aufl},
	title = {Gesundheitliche {Ungleichheit}: {Grundlagen}, {Probleme}, {Perspektiven}},
	isbn = {978-3-531-16084-9},
	shorttitle = {Gesundheitliche {Ungleichheit}},
	abstract = {Noch immer gilt: Wer arm, wenig gebildet und beruflich schlecht gestellt ist, wird häufiger krank und muss früher sterben. Wie aber kann dieser Zusammenhang zwischen sozialer Ungleichheit und Gesundheit erklärt werden? Welche Mechanismen und Prozesse liegen dem sozialen Gradienten in der Gesundheit zugrunde? Der Band bietet einen umfassenden Überblick über Theorien, Forschungsergebnisse und Implikationen für Politik und Praxis. Er führt in die aktuelle Diskussion soziologischer und gesundheitswissenschaftlicher Erklärungen gesundheitlicher Ungleichheit ein, stellt innovative empirische Ergebnisse vor, diskutiert methodische Herausforderungen und zeigt Möglichkeiten auf, den Zusammenhang zwischen sozialer Ungleichheit und Gesundheit zu verringern. Mit Beiträgen führender Sozial- und Gesundheitswissenschaftler aus dem Forschungsfeld stellt dieses Buch umfangreiche Informationen zum Verständnis und zur Reduzierung gesundheitlicher Ungleichheiten zur Verfügung},
	language = {ger},
	publisher = {VS, Verl. für Sozialwissenschaften},
	editor = {Richter, Matthias and Hurrelmann, Klaus},
	year = {2009},
	note = {OCLC: 423852441},
	keywords = {Aufsatzsammlung, Gesundheit, Health policy Germany, Public health Germany, Social medicine Germany, Socioeconomic factors Germany, Soziale Ungleichheit},
	annote = {Literaturangaben},
	file = {bok%3A978-3-531-91643-9.pdf:C\:\\Users\\Beat\\AppData\\Roaming\\Zotero\\Zotero\\Profiles\\7sw4no6p.default\\zotero\\storage\\9M2VP6WH\\bok%3A978-3-531-91643-9.pdf:application/pdf}
}

@incollection{abel_kulturelles_2006,
	title = {Kulturelles {Kapital}, kollektive {Lebensstile} und die soziale {Reproduktion} gesundheitlicher {Ungleichheit}},
	url = {http://link.springer.com/chapter/10.1007/978-3-531-90357-6_11},
	urldate = {2016-10-29},
	booktitle = {Gesundheitliche {Ungleichheit}},
	publisher = {Springer},
	author = {Abel, Thomas and Abraham, Andrea and Sommerhalder, Kathrin},
	editor = {Richter, Mathias and Hurrelmann, Klaus},
	year = {2006},
	pages = {185--198},
	file = {chp%3A10.1007%2F978-3-531-91643-9_11.pdf:C\:\\Users\\Beat\\AppData\\Roaming\\Zotero\\Zotero\\Profiles\\7sw4no6p.default\\zotero\\storage\\HHX2F9KE\\chp%3A10.1007%2F978-3-531-91643-9_11.pdf:application/pdf}
}

@book{rohrle_soziale_1994,
	address = {Weinheim},
	title = {Soziale {Netzwerke} und soziale {Unterstützung}},
	isbn = {978-3-621-27192-9},
	publisher = {Beltz : Psychologie Verlags Union},
	author = {Röhrle, Bernd},
	year = {1994},
	keywords = {Social networks},
	annote = {Originally presented as the author's thesis (doctoral)--Universität Heidelberg, 1994}
}

@book{schuler_psychische_2012,
	title = {Psychische {Gesundheit} in der {Schweiz}: {Monitoring} 2012},
	shorttitle = {Psychische {Gesundheit} in der {Schweiz}},
	url = {http://www.bfs.admin.ch/bfs/portal/de/index/dienstleistungen/publikationen_statistik/publikationskatalog.Document.154162.pdf},
	urldate = {2016-10-30},
	publisher = {Schweizerisches Gesundheitsobservatorium (Obsan)},
	author = {Schuler, Daniela and Burla, Laila},
	year = {2012},
	file = {obsan_52_bericht.pdf:C\:\\Users\\Beat\\AppData\\Roaming\\Zotero\\Zotero\\Profiles\\7sw4no6p.default\\zotero\\storage\\NU24D54J\\obsan_52_bericht.pdf:application/pdf}
}

@book{schweizerisches_gesundheitsobservatorium_gesundheit_2015,
	address = {Bern},
	edition = {1. Aufl},
	title = {Gesundheit in der {Schweiz} – {Fokus} chronische {Erkrankungen}: nationaler {Gesundheitsbericht} 2015},
	isbn = {978-3-456-85566-0},
	shorttitle = {Gesundheit in der {Schweiz} – {Fokus} chronische {Erkrankungen}},
	language = {ger},
	publisher = {Hogrefe},
	editor = {{Schweizerisches Gesundheitsobservatorium}},
	year = {2015},
	note = {OCLC: 923084440},
	keywords = {Chronische Krankheit, Gesundheitswesen, Schweiz},
	file = {Table of Contents PDF:C\:\\Users\\Beat\\AppData\\Roaming\\Zotero\\Zotero\\Profiles\\7sw4no6p.default\\zotero\\storage\\J3X45S4A\\Schweizerisches Gesundheitsobservatorium - 2015 - Gesundheit in der Schweiz – Fokus chronische Erkra.pdf:application/pdf}
}

@techreport{boes_soziookonomische_2016,
	address = {Neuchâtel},
	title = {Sozioökonomische und kulturelle {Ungleichheiten} im {Gesundheitsverhalten} der {Schweizer} {Bevölkerung}},
	number = {51},
	institution = {Schweizerisches Gesundheitsobservatorium},
	author = {Boes, Stefan and Kaufmann, Cornel and Marti, Joachim},
	year = {2016},
	file = {Titel - obsan_dossier_51.pdf:C\:\\Users\\Beat\\AppData\\Roaming\\Zotero\\Zotero\\Profiles\\7sw4no6p.default\\zotero\\storage\\RJEJD4WT\\obsan_dossier_51.pdf:application/pdf}
}

@book{goring_quo_2009,
	address = {Göttingen},
	series = {Hochschulsport},
	title = {Quo vadis {Hochschulsport}?: im {Wandel} von {Hochschule} und {Gesellschaft}},
	isbn = {978-3-940344-82-3},
	shorttitle = {Quo vadis {Hochschulsport}?},
	number = {Bd. 2},
	publisher = {Universitätsverlag Göttingen},
	editor = {Göring, Arne},
	year = {2009},
	keywords = {College sports, Germany, Social aspects, Sports},
	file = {Quo vadis Hochschulsport? - 1.pdf:C\:\\Users\\Beat\\AppData\\Roaming\\Zotero\\Zotero\\Profiles\\7sw4no6p.default\\zotero\\storage\\BE4N5E66\\1.pdf:application/pdf}
}

@article{kauer_long-term_2016,
	title = {Long-term {Effects} of {Managed} {Care}: {Long}-term {Effects} of {Managed} {Care}},
	issn = {10579230},
	shorttitle = {Long-term {Effects} of {Managed} {Care}},
	url = {http://doi.wiley.com/10.1002/hec.3392},
	doi = {10.1002/hec.3392},
	language = {en},
	urldate = {2016-10-31},
	journal = {Health Economics},
	author = {Kauer, Lukas},
	year = {2016},
	file = {Kauer-2016-Health_Economics.pdf:C\:\\Users\\Beat\\AppData\\Roaming\\Zotero\\Zotero\\Profiles\\7sw4no6p.default\\zotero\\storage\\N59GSBI8\\Kauer-2016-Health_Economics.pdf:application/pdf}
}

@article{lehmann_innovation_2004,
	title = {Innovation and risk selection in deregulated social health insurance},
	volume = {23},
	issn = {01676296},
	url = {http://linkinghub.elsevier.com/retrieve/pii/S016762960400027X},
	doi = {10.1016/j.jhealeco.2003.12.007},
	language = {en},
	number = {5},
	urldate = {2016-11-06},
	journal = {Journal of Health Economics},
	author = {Lehmann, Hansjörg and Zweifel, Peter},
	month = sep,
	year = {2004},
	pages = {997--1012},
	file = {doi\:10.1016/j.jhealeco.2003.12.007 - 1-s2.0-S016762960400027X-main.pdf:C\:\\Users\\Beat\\AppData\\Roaming\\Zotero\\Zotero\\Profiles\\7sw4no6p.default\\zotero\\storage\\FKPUT6DS\\1-s2.0-S016762960400027X-main.pdf:application/pdf}
}

@article{shmueli_managed_2015,
	title = {Managed care in four managed competition {OECD} health systems},
	volume = {119},
	issn = {01688510},
	url = {http://linkinghub.elsevier.com/retrieve/pii/S0168851015000640},
	doi = {10.1016/j.healthpol.2015.02.013},
	language = {en},
	number = {7},
	urldate = {2016-11-06},
	journal = {Health Policy},
	author = {Shmueli, Amir and Stam, Piet and Wasem, Jürgen and Trottmann, Maria},
	month = jul,
	year = {2015},
	pages = {860--873},
	file = {Managed care in four managed competition OECD health systems - 1-s2.0-S0168851015000640-main.pdf:C\:\\Users\\Beat\\AppData\\Roaming\\Zotero\\Zotero\\Profiles\\7sw4no6p.default\\zotero\\storage\\B47ABTAS\\1-s2.0-S0168851015000640-main.pdf:application/pdf}
}

@article{trottmann_supply-side_2012,
	title = {Supply-side and demand-side cost sharing in deregulated social health insurance: {Which} is more effective?},
	volume = {31},
	issn = {01676296},
	shorttitle = {Supply-side and demand-side cost sharing in deregulated social health insurance},
	url = {http://linkinghub.elsevier.com/retrieve/pii/S0167629611001378},
	doi = {10.1016/j.jhealeco.2011.10.004},
	language = {en},
	number = {1},
	urldate = {2016-11-06},
	journal = {Journal of Health Economics},
	author = {Trottmann, Maria and Zweifel, Peter and Beck, Konstantin},
	month = jan,
	year = {2012},
	pages = {231--242},
	file = {Supply-side and demand-side cost sharing in deregulated social health insurance\: Which is more effective? - 1-s2.0-S0167629611001378-main.pdf:C\:\\Users\\Beat\\AppData\\Roaming\\Zotero\\Zotero\\Profiles\\7sw4no6p.default\\zotero\\storage\\P73ZNUP2\\1-s2.0-S0167629611001378-main.pdf:application/pdf}
}

@techreport{binswanger_finanzielle_2012,
	address = {Olten},
	title = {Finanzielle {Anreizwirkungen} der {Budgetmitverantwortung} in der {Managed} {Care} {Vorlage}},
	url = {http://www.fhnw.ch/wirtschaft/icc/forschung/forschung-ews/Gutachten_Managed_Care.pdf},
	urldate = {2016-11-06},
	institution = {Hochschule für Wirtschaft an der Fachhochschule Nordwestschweiz},
	author = {Binswanger, Mathias},
	month = may,
	year = {2012},
	file = {Gutachten_Managed_Care.pdf:C\:\\Users\\Beat\\AppData\\Roaming\\Zotero\\Zotero\\Profiles\\7sw4no6p.default\\zotero\\storage\\QNHMWXZS\\Gutachten_Managed_Care.pdf:application/pdf}
}

@article{reich_empirical_2012,
	title = {An empirical investigation of the efficiency effects of integrated care models in {Switzerland}},
	volume = {12},
	url = {http://ijic.ubiquitypress.com/articles/10.5334/ijic.685/galley/1506/download/},
	number = {1},
	urldate = {2016-11-06},
	journal = {International Journal of Integrated Care},
	author = {Reich, Oliver and Rapold, Roland and Flatscher-Thöni, Magdalena},
	year = {2012},
	file = {ijic2011-2011144.pdf:C\:\\Users\\Beat\\AppData\\Roaming\\Zotero\\Zotero\\Profiles\\7sw4no6p.default\\zotero\\storage\\G6PVP73P\\ijic2011-2011144.pdf:application/pdf}
}

@book{berchtold_evidenz_2006,
	address = {Neuchâtel},
	series = {Arbeitsdokument / {Schweizerisches} {Gesundheitsobservatorium}},
	title = {Evidenz für {Managed} {Care}: europäische {Literaturanalyse} unter besonderer {Berücksichtigung} der {Schweiz}: {Wirkung} von {Versorgungssteuerung} auf {Qualität} und {Kosteneffektivität}},
	isbn = {978-3-907872-29-1},
	shorttitle = {Evidenz für {Managed} {Care}},
	language = {ger},
	number = {16},
	publisher = {Schweizerisches Gesundheitsobservatorium},
	author = {Berchtold, Peter and Hess, Kurt},
	year = {2006},
	keywords = {Cost effectivess, Managed care plans (Medical care), Medical care, Switzerland},
	annote = {"Januar 2006."},
	file = {Microsoft Word - Evidenz-MC-Bericht-08-12-2005.doc - arbeitsdokument-16-d_0.pdf:C\:\\Users\\Beat\\AppData\\Roaming\\Zotero\\Zotero\\Profiles\\7sw4no6p.default\\zotero\\storage\\RHZMIKZ4\\arbeitsdokument-16-d_0.pdf:application/pdf}
}

@article{delamater_improving_2006,
	title = {Improving patient adherence},
	volume = {24},
	url = {http://clinical.diabetesjournals.org/content/24/2/71?legid=diaclin;24/2/71&patientinform-links=yes&legid=diaclin;24/2/71},
	number = {2},
	urldate = {2016-11-27},
	journal = {Clinical diabetes},
	author = {Delamater, Alan M.},
	year = {2006},
	pages = {71--77},
	file = {71.full.pdf:C\:\\Users\\Beat\\AppData\\Roaming\\Zotero\\Zotero\\Profiles\\7sw4no6p.default\\zotero\\storage\\W3KBJ9M6\\71.full.pdf:application/pdf}
}

@article{lemke_development_2012,
	title = {Development and validation of a model for predicting inpatient hospitalization},
	volume = {50},
	url = {http://journals.lww.com/lww-medicalcare/Abstract/2012/02000/Development_and_Validation_of_a_Model_for.4.aspx},
	number = {2},
	urldate = {2016-11-21},
	journal = {Medical care},
	author = {Lemke, Klaus W. and Weiner, Jonathan P. and Clark, Jeanne M.},
	year = {2012},
	pages = {131--139},
	file = {00005650-201202000-00004.pdf:C\:\\Users\\Beat\\AppData\\Roaming\\Zotero\\Zotero\\Profiles\\7sw4no6p.default\\zotero\\storage\\G38NJGAM\\00005650-201202000-00004.pdf:application/pdf}
}

@article{parker_can_2003,
	title = {Can pharmacy data improve prediction of hospital outcomes?: {Comparisons} with a diagnosis-based comorbidity measure},
	volume = {41},
	shorttitle = {Can pharmacy data improve prediction of hospital outcomes?},
	url = {http://journals.lww.com/lww-medicalcare/Abstract/2003/03000/Can_Pharmacy_Data_Improve_Prediction_of_Hospital.9.aspx},
	number = {3},
	urldate = {2016-11-21},
	journal = {Medical care},
	author = {Parker, Joseph P. and McCombs, Jeffrey S. and Graddy, Elizabeth A.},
	year = {2003},
	pages = {407--419},
	file = {00005650-200303000-00009.pdf:C\:\\Users\\Beat\\AppData\\Roaming\\Zotero\\Zotero\\Profiles\\7sw4no6p.default\\zotero\\storage\\QP9J5AVH\\00005650-200303000-00009.pdf:application/pdf}
}

@article{hammill_incremental_2011,
	title = {Incremental {Value} of {Clinical} {Data} {Beyond} {Claims} {Data} in {Predicting} 30-{Day} {Outcomes} {After} {Heart} {Failure} {Hospitalization}},
	volume = {4},
	issn = {1941-7705, 1941-7713},
	url = {http://circoutcomes.ahajournals.org/cgi/doi/10.1161/CIRCOUTCOMES.110.954693},
	doi = {10.1161/CIRCOUTCOMES.110.954693},
	language = {en},
	number = {1},
	urldate = {2016-11-21},
	journal = {Circulation: Cardiovascular Quality and Outcomes},
	author = {Hammill, B. G. and Curtis, L. H. and Fonarow, G. C. and Heidenreich, P. A. and Yancy, C. W. and Peterson, E. D. and Hernandez, A. F.},
	month = jan,
	year = {2011},
	pages = {60--67},
	file = {60.full.pdf:C\:\\Users\\Beat\\AppData\\Roaming\\Zotero\\Zotero\\Profiles\\7sw4no6p.default\\zotero\\storage\\MEDNE3ZQ\\60.full.pdf:application/pdf}
}

@article{mehta_comparison_2016,
	title = {Comparison of comorbidity scores in predicting surgical outcomes},
	volume = {54},
	url = {http://journals.lww.com/lww-medicalcare/Abstract/2016/02000/Comparison_of_Comorbidity_Scores_in_Predicting.11.aspx},
	number = {2},
	urldate = {2016-11-21},
	journal = {Medical care},
	author = {Mehta, Hemalkumar B. and Dimou, Francesca and Adhikari, Deepak and Tamirisa, Nina P. and Sieloff, Eric and Williams, Taylor P. and Kuo, Yong-Fang and Riall, Taylor S.},
	year = {2016},
	pages = {180--187},
	file = {00005650-201602000-00011.pdf:C\:\\Users\\Beat\\AppData\\Roaming\\Zotero\\Zotero\\Profiles\\7sw4no6p.default\\zotero\\storage\\WCVE3RKT\\00005650-201602000-00011.pdf:application/pdf}
}

@article{mcmanus_reliability_2016,
	title = {Reliability of {Predicting} {Early} {Hospital} {Readmission} {After} {Discharge} for an {Acute} {Coronary} {Syndrome} {Using} {Claims}-{Based} {Data}},
	volume = {117},
	issn = {00029149},
	url = {http://linkinghub.elsevier.com/retrieve/pii/S0002914915023188},
	doi = {10.1016/j.amjcard.2015.11.034},
	language = {en},
	number = {4},
	urldate = {2016-11-21},
	journal = {The American Journal of Cardiology},
	author = {McManus, David D. and Saczynski, Jane S. and Lessard, Darleen and Waring, Molly E. and Allison, Jeroan and Parish, David C. and Goldberg, Robert J. and Ash, Arlene and Kiefe, Catarina I.},
	month = feb,
	year = {2016},
	pages = {501--507},
	file = {1-s2.0-S0002914915023188-main.pdf:C\:\\Users\\Beat\\AppData\\Roaming\\Zotero\\Zotero\\Profiles\\7sw4no6p.default\\zotero\\storage\\733HI3KH\\1-s2.0-S0002914915023188-main.pdf:application/pdf}
}

@article{xie_predicting_2015,
	title = {Predicting {Days} in {Hospital} {Using} {Health} {Insurance} {Claims}},
	volume = {19},
	issn = {2168-2194, 2168-2208},
	url = {http://ieeexplore.ieee.org/document/7039220/},
	doi = {10.1109/JBHI.2015.2402692},
	number = {4},
	urldate = {2016-11-21},
	journal = {IEEE Journal of Biomedical and Health Informatics},
	author = {Xie, Yang and Schreier, Gunter and Chang, David C. W. and Neubauer, Sandra and Liu, Ying and Redmond, Stephen J. and Lovell, Nigel H.},
	month = jul,
	year = {2015},
	pages = {1224--1233},
	file = {07039220.pdf:C\:\\Users\\Beat\\AppData\\Roaming\\Zotero\\Zotero\\Profiles\\7sw4no6p.default\\zotero\\storage\\V9WR2TM8\\07039220.pdf:application/pdf}
}

@article{stein_using_2014,
	title = {Using {Claims} {Data} to {Generate} {Clinical} {Flags} {Predicting} {Short}-{Term} {Risk} of {Continued} {Psychiatric} {Hospitalizations}},
	volume = {65},
	issn = {1075-2730, 1557-9700},
	url = {http://psychiatryonline.org/doi/abs/10.1176/appi.ps.201300306},
	doi = {10.1176/appi.ps.201300306},
	language = {en},
	number = {11},
	urldate = {2016-11-21},
	journal = {Psychiatric Services},
	author = {Stein, Bradley D. and Pangilinan, Maria and Sorbero, Mark J. and Marcus, Sue M. and Donahue, Sheila A. and Xu, Yan and Smith, Thomas E. and Essock, Susan M.},
	month = nov,
	year = {2014},
	pages = {1341--1346},
	file = {nihms-624329.pdf:C\:\\Users\\Beat\\AppData\\Roaming\\Zotero\\Zotero\\Profiles\\7sw4no6p.default\\zotero\\storage\\P7H6X8ZH\\nihms-624329.pdf:application/pdf}
}

@article{yang_chads2_2016,
	title = {{CHADS}2 scores as a predictor of ischemic stroke after radical prostatectomy},
	volume = {5},
	issn = {20457634},
	url = {http://doi.wiley.com/10.1002/cam4.557},
	doi = {10.1002/cam4.557},
	language = {en},
	number = {1},
	urldate = {2016-11-21},
	journal = {Cancer Medicine},
	author = {Yang, Yu-Wan and Lee, Shang-Sen and Chen, Chi-Cheng and Liu, Hsin-Ho and Tsai, Tsung-Hsun and Lin, Tien-Huang and Hsieh, Teng-Fu},
	month = jan,
	year = {2016},
	pages = {3--8},
	file = {CAM4-5-003.pdf:C\:\\Users\\Beat\\AppData\\Roaming\\Zotero\\Zotero\\Profiles\\7sw4no6p.default\\zotero\\storage\\J88WHHAS\\CAM4-5-003.pdf:application/pdf}
}

@article{ratliff_predicting_2016,
	title = {Predicting {Occurrence} of {Spine} {Surgery} {Complications} {Using} “{Big} {Data}” {Modeling} of an {Administrative} {Claims} {Database}:},
	volume = {98},
	issn = {0021-9355},
	shorttitle = {Predicting {Occurrence} of {Spine} {Surgery} {Complications} {Using} “{Big} {Data}” {Modeling} of an {Administrative} {Claims} {Database}},
	url = {http://content.wkhealth.com/linkback/openurl?sid=WKPTLP:landingpage&an=00004623-201605180-00004},
	doi = {10.2106/JBJS.15.00301},
	language = {en},
	number = {10},
	urldate = {2016-11-21},
	journal = {The Journal of Bone and Joint Surgery},
	author = {Ratliff, John K. and Balise, Ray and Veeravagu, Anand and Cole, Tyler S. and Cheng, Ivan and Olshen, Richard A. and Tian, Lu},
	month = may,
	year = {2016},
	pages = {824--834},
	file = {824.full.pdf:C\:\\Users\\Beat\\AppData\\Roaming\\Zotero\\Zotero\\Profiles\\7sw4no6p.default\\zotero\\storage\\Z3U7MSKC\\824.full.pdf:application/pdf}
}

@article{bali_novel_2016,
	title = {Novel screening metric for the identification of at-risk peripheral artery disease patients using administrative claims data},
	volume = {21},
	url = {http://vmj.sagepub.com/content/21/1/33.short},
	number = {1},
	urldate = {2016-11-21},
	journal = {Vascular Medicine},
	author = {Bali, Vishal and Yermilov, Irina and Coutts, Kayla and Legorreta, Antonio P.},
	year = {2016},
	pages = {33--40},
	file = {33.full.pdf:C\:\\Users\\Beat\\AppData\\Roaming\\Zotero\\Zotero\\Profiles\\7sw4no6p.default\\zotero\\storage\\VPDQX5A4\\33.full.pdf:application/pdf}
}

@article{yu_assessing_2015,
	title = {Assessing the importance of predictors in unplanned hospital readmissions for chronic obstructive pulmonary disease},
	issn = {1178-6981},
	url = {http://www.dovepress.com/assessing-the-importance-of-predictors-in-unplanned-hospital-readmissi-peer-reviewed-article-CEOR},
	doi = {10.2147/CEOR.S74181},
	language = {en},
	urldate = {2016-11-21},
	journal = {ClinicoEconomics and Outcomes Research},
	author = {Yu, Tzy-Chyi and Zhou, Huanxue and Suh, Kangho and Arcona, Stephen},
	month = jan,
	year = {2015},
	pages = {37},
	file = {ceor-7-037.pdf:C\:\\Users\\Beat\\AppData\\Roaming\\Zotero\\Zotero\\Profiles\\7sw4no6p.default\\zotero\\storage\\EHNPQE8F\\ceor-7-037.pdf:application/pdf}
}

@article{charlson_charlson_2014,
	title = {The {Charlson} comorbidity index can be used prospectively to identify patients who will incur high future costs},
	volume = {9},
	url = {http://journals.plos.org/plosone/article?id=10.1371/journal.pone.0112479},
	number = {12},
	urldate = {2016-11-21},
	journal = {PloS one},
	author = {Charlson, Mary and Wells, Martin T. and Ullman, Ralph and King, Fionnuala and Shmukler, Celia},
	year = {2014},
	pages = {e112479},
	file = {file.pdf:C\:\\Users\\Beat\\AppData\\Roaming\\Zotero\\Zotero\\Profiles\\7sw4no6p.default\\zotero\\storage\\MAN4T8SH\\file.pdf:application/pdf}
}

@article{eapen_validated_2013,
	title = {Validated, {Electronic} {Health} {Record} {Deployable} {Prediction} {Models} for {Assessing} {Patient} {Risk} of 30-{Day} {Rehospitalization} and {Mortality} in {Older} {Heart} {Failure} {Patients}},
	volume = {1},
	issn = {22131779},
	url = {http://linkinghub.elsevier.com/retrieve/pii/S2213177913001133},
	doi = {10.1016/j.jchf.2013.01.008},
	language = {en},
	number = {3},
	urldate = {2016-11-21},
	journal = {JACC: Heart Failure},
	author = {Eapen, Zubin J. and Liang, Li and Fonarow, Gregg C. and Heidenreich, Paul A. and Curtis, Lesley H. and Peterson, Eric D. and Hernandez, Adrian F.},
	month = jun,
	year = {2013},
	pages = {245--251},
	file = {1-s2.0-S2213177913001133-main.pdf:C\:\\Users\\Beat\\AppData\\Roaming\\Zotero\\Zotero\\Profiles\\7sw4no6p.default\\zotero\\storage\\9HMUACGB\\1-s2.0-S2213177913001133-main.pdf:application/pdf}
}

@article{brown_predicting_2013,
	title = {Predicting {Readmission} or {Death} {After} {Acute} {ST}-{Elevation} {Myocardial} {Infarction}: {Predicting} readmission or death},
	issn = {01609289},
	shorttitle = {Predicting {Readmission} or {Death} {After} {Acute} {ST}-{Elevation} {Myocardial} {Infarction}},
	url = {http://doi.wiley.com/10.1002/clc.22156},
	doi = {10.1002/clc.22156},
	language = {en},
	urldate = {2016-11-21},
	journal = {Clinical Cardiology},
	author = {Brown, Jeremiah R. and Conley, Sheila M. and Niles, Nathaniel W.},
	month = jun,
	year = {2013},
	pages = {n/a--n/a},
	file = {clc22156.pdf:C\:\\Users\\Beat\\AppData\\Roaming\\Zotero\\Zotero\\Profiles\\7sw4no6p.default\\zotero\\storage\\7MJ4I2GK\\clc22156.pdf:application/pdf}
}

@article{de_vries_postoperative_2014,
	title = {Postoperative 30-day mortality in patients undergoing surgery for colorectal cancer: development of a prognostic model using administrative claims data},
	volume = {25},
	issn = {0957-5243, 1573-7225},
	shorttitle = {Postoperative 30-day mortality in patients undergoing surgery for colorectal cancer},
	url = {http://link.springer.com/10.1007/s10552-014-0451-x},
	doi = {10.1007/s10552-014-0451-x},
	language = {en},
	number = {11},
	urldate = {2016-11-21},
	journal = {Cancer Causes \& Control},
	author = {de Vries, S. and Jeffe, D. B. and Davidson, N. O. and Deshpande, A. D. and Schootman, M.},
	month = nov,
	year = {2014},
	pages = {1503--1512},
	file = {nihms619914.pdf:C\:\\Users\\Beat\\AppData\\Roaming\\Zotero\\Zotero\\Profiles\\7sw4no6p.default\\zotero\\storage\\9GGZ73DC\\nihms619914.pdf:application/pdf}
}

@article{he_mining_2014,
	title = {Mining high-dimensional administrative claims data to predict early hospital readmissions},
	volume = {21},
	issn = {1067-5027, 1527-974X},
	url = {http://jamia.oxfordjournals.org/lookup/doi/10.1136/amiajnl-2013-002151},
	doi = {10.1136/amiajnl-2013-002151},
	language = {en},
	number = {2},
	urldate = {2016-11-21},
	journal = {Journal of the American Medical Informatics Association},
	author = {He, Danning and Mathews, Simon C and Kalloo, Anthony N and Hutfless, Susan},
	month = mar,
	year = {2014},
	pages = {272--279},
	file = {amiajnl-2013-002151.pdf:C\:\\Users\\Beat\\AppData\\Roaming\\Zotero\\Zotero\\Profiles\\7sw4no6p.default\\zotero\\storage\\N9VURUR6\\amiajnl-2013-002151.pdf:application/pdf}
}

@inproceedings{xie_predicting_2014,
	title = {Predicting number of hospitalization days based on health insurance claims data using bagged regression trees},
	url = {http://ieeexplore.ieee.org/xpls/abs_all.jsp?arnumber=6944181},
	urldate = {2016-11-21},
	booktitle = {2014 36th {Annual} {International} {Conference} of the {IEEE} {Engineering} in {Medicine} and {Biology} {Society}},
	publisher = {IEEE},
	author = {Xie, Yang and Schreier, Günter and Chang, David CW and Neubauer, Sandra and Redmond, Stephen J. and Lovell, Nigel H.},
	year = {2014},
	pages = {2706--2709},
	file = {06944181.pdf:C\:\\Users\\Beat\\AppData\\Roaming\\Zotero\\Zotero\\Profiles\\7sw4no6p.default\\zotero\\storage\\RJRWIIKR\\06944181.pdf:application/pdf}
}

@article{ash_using_2003,
	title = {Using claims data to examine mortality trends following hospitalization for heart attack in {Medicare}},
	volume = {38},
	url = {http://onlinelibrary.wiley.com/doi/10.1111/1475-6773.00175/full},
	number = {5},
	urldate = {2016-11-21},
	journal = {Health Services Research},
	author = {Ash, Arlene S. and Posner, Michael A. and Speckman, Jeanne and Franco, Shakira and Yacht, Andrew C. and Bramwell, Lindsey},
	year = {2003},
	pages = {1253--1262},
	file = {hesr_175.pdf:C\:\\Users\\Beat\\AppData\\Roaming\\Zotero\\Zotero\\Profiles\\7sw4no6p.default\\zotero\\storage\\IHJADZMJ\\hesr_175.pdf:application/pdf}
}

@article{huber_one-year_2016,
	title = {One-year adherence to oral antihyperglycemic medication and risk prediction of patient outcomes for adults with diabetes mellitus: {An} observational study},
	volume = {95},
	issn = {0025-7974},
	shorttitle = {One-year adherence to oral antihyperglycemic medication and risk prediction of patient outcomes for adults with diabetes mellitus},
	url = {http://content.wkhealth.com/linkback/openurl?sid=WKPTLP:landingpage&an=00005792-201606280-00030},
	doi = {10.1097/MD.0000000000003994},
	language = {en},
	number = {26},
	urldate = {2016-11-27},
	journal = {Medicine},
	author = {Huber, Carola A. and Rapold, Roland and Brüngger, Beat and Reich, Oliver and Rosemann, Thomas},
	month = jun,
	year = {2016},
	file = {medi-95-e3994.pdf:C\:\\Users\\Beat\\AppData\\Roaming\\Zotero\\Zotero\\Profiles\\7sw4no6p.default\\zotero\\storage\\3PHB3ENZ\\medi-95-e3994.pdf:application/pdf}
}

@article{huber_medication_2016,
	title = {Medication adherence in patients with diabetes mellitus: does physician drug dispensing enhance quality of care? {Evidence} from a large health claims database in {Switzerland}},
	volume = {Volume 10},
	issn = {1177-889X},
	shorttitle = {Medication adherence in patients with diabetes mellitus},
	url = {https://www.dovepress.com/medication-adherence-in-patients-with-diabetes-mellitus-does-physician-peer-reviewed-article-PPA},
	doi = {10.2147/PPA.S115425},
	language = {en},
	urldate = {2016-11-27},
	journal = {Patient Preference and Adherence},
	author = {Huber, Carola A and Reich, Oliver},
	month = sep,
	year = {2016},
	pages = {1803--1809},
	file = {PPA-115425-medication-adherence-in-patients-with-diabetes-mellitus--doe - ppa-10-1803.pdf:C\:\\Users\\Beat\\AppData\\Roaming\\Zotero\\Zotero\\Profiles\\7sw4no6p.default\\zotero\\storage\\TNAQZDUC\\ppa-10-1803.pdf:application/pdf}
}

@article{huber_epidemiology_2014,
	title = {Epidemiology and costs of diabetes mellitus in {Switzerland}: an analysis of health care claims data, 2006 and 2011},
	volume = {14},
	shorttitle = {Epidemiology and costs of diabetes mellitus in {Switzerland}},
	url = {https://bmcendocrdisord.biomedcentral.com/articles/10.1186/1472-6823-14-44},
	number = {1},
	urldate = {2016-11-27},
	journal = {BMC endocrine disorders},
	author = {Huber, Carola A. and Schwenkglenks, Matthias and Rapold, Roland and Reich, Oliver},
	year = {2014},
	pages = {1},
	file = {Epidemiology and costs of diabetes mellitus in Switzerland\: an analysis of health care claims data, 2006 and 2011 - 1472-6823-14-44.pdf:C\:\\Users\\Beat\\AppData\\Roaming\\Zotero\\Zotero\\Profiles\\7sw4no6p.default\\zotero\\storage\\6Z3RIH96\\1472-6823-14-44.pdf:application/pdf}
}

@article{de_martel_global_2012,
	title = {Global burden of cancers attributable to infections in 2008: a review and synthetic analysis},
	volume = {13},
	shorttitle = {Global burden of cancers attributable to infections in 2008},
	url = {http://www.sciencedirect.com/science/article/pii/S1470204512701377},
	number = {6},
	urldate = {2016-12-11},
	journal = {The lancet oncology},
	author = {De Martel, Catherine and Ferlay, Jacques and Franceschi, Silvia and Vignat, Jérôme and Bray, Freddie and Forman, David and Plummer, Martyn},
	year = {2012},
	pages = {607--615},
	file = {Global burden of cancers attributable to infections in 2008\: a review and synthetic analysis - 1-s2.0-S1470204512701377-main.pdf:C\:\\Users\\Beat\\AppData\\Roaming\\Zotero\\Zotero\\Profiles\\7sw4no6p.default\\zotero\\storage\\NV939NVG\\1-s2.0-S1470204512701377-main.pdf:application/pdf}
}

@article{joseph_understanding_2008,
	title = {Understanding the burden of human papillomavirus associated anal cancers in the {US}},
	volume = {113},
	issn = {1097-0142},
	url = {http://onlinelibrary.wiley.com/doi/10.1002/cncr.23744/abstract},
	doi = {10.1002/cncr.23744},
	language = {en},
	number = {S10},
	urldate = {2016-12-11},
	journal = {Cancer},
	author = {Joseph, Djenaba A. and Miller, Jacqueline W. and Wu, Xiaocheng and Chen, Vivien W. and Morris, Cyllene R. and Goodman, Marc T. and Villalon‐Gomez, Jose M. and Williams, Melanie A. and Cress, Rosemary D.},
	month = nov,
	year = {2008},
	pages = {2892--2900},
	file = {Snapshot:C\:\\Users\\Beat\\AppData\\Roaming\\Zotero\\Zotero\\Profiles\\7sw4no6p.default\\zotero\\storage\\55TKP6A3\\pdf.html:text/html}
}

@techreport{bag_hpv_2015,
	title = {Die {HPV} {Impfung} in der {Schweiz}: {Resultate} einer nationalen {Befragung} im {Jahr} 2014},
	url = {http://www.bag.admin.ch/themen/medizin/00682/00684/03853/index.html?lang=de&download=NHzLpZeg7t,lnp6I0NTU042l2Z6ln1acy4Zn4Z2qZpnO2Yuq2Z6hpJCEdHt2fXyNn,akn56V19rIz42fz62dpuc-},
	number = {Bulletin 23},
	urldate = {2016-12-11},
	institution = {Bundesamt für Gesundheit},
	author = {{BAG}},
	month = jun,
	year = {2015},
	file = {index.pdf:C\:\\Users\\Beat\\AppData\\Roaming\\Zotero\\Zotero\\Profiles\\7sw4no6p.default\\zotero\\storage\\43BU8KZB\\index.pdf:application/pdf}
}

@article{oteng_evaluating_2011,
	title = {Evaluating societal preferences for human papillomavirus vaccine and cervical smear test screening programme},
	volume = {87},
	issn = {, 1472-3263},
	url = {http://sti.bmj.com/content/87/1/52},
	doi = {10.1136/sti.2009.041392},
	language = {en},
	number = {1},
	urldate = {2016-12-11},
	journal = {Sexually Transmitted Infections},
	author = {Oteng, Bridgette and Marra, Fawziah and Lynd, Larry D. and Ogilvie, Gina and Patrick, David and Marra, Carlo A.},
	month = jan,
	year = {2011},
	pmid = {20956352},
	pages = {52--57},
	file = {Full Text PDF:C\:\\Users\\Beat\\AppData\\Roaming\\Zotero\\Zotero\\Profiles\\7sw4no6p.default\\zotero\\storage\\5285AIBR\\Oteng et al. - 2011 - Evaluating societal preferences for human papillom.pdf:application/pdf;Snapshot:C\:\\Users\\Beat\\AppData\\Roaming\\Zotero\\Zotero\\Profiles\\7sw4no6p.default\\zotero\\storage\\WEPK6MUK\\52.full.html:text/html}
}

@techreport{bag_durchimpfung_2015,
	title = {Durchimpfung von 2, 8 und 16 {Jährigen} in der {Schweiz}, 2011 bis 2013},
	url = {http://www.bag.admin.ch/themen/medizin/00682/00685/02133/index.html?lang=de&download=NHzLpZeg7t,lnp6I0NTU042l2Z6ln1acy4Zn4Z2qZpnO2Yuq2Z6gpJCMeXx,e2ym162epYbg2c_JjKbNoKSn6A--},
	number = {Bulletin 28},
	urldate = {2016-12-11},
	institution = {Bundesamt für Gesundheit},
	author = {{BAG}},
	month = jul,
	year = {2015},
	file = {index.pdf:C\:\\Users\\Beat\\AppData\\Roaming\\Zotero\\Zotero\\Profiles\\7sw4no6p.default\\zotero\\storage\\MNP89KC7\\index.pdf:application/pdf}
}

@article{zalsman_suicide_2016,
	title = {Suicide prevention strategies revisited: 10-year systematic review},
	shorttitle = {Suicide prevention strategies revisited},
	url = {http://www.sciencedirect.com/science/article/pii/S221503661630030X},
	urldate = {2016-12-12},
	journal = {The Lancet Psychiatry},
	author = {Zalsman, Gil and Hawton, Keith and Wasserman, Danuta and van Heeringen, Kees and Arensman, Ella and Sarchiapone, Marco and Carli, Vladimir and Höschl, Cyril and Barzilay, Ran and Balazs, Judit and {others}},
	year = {2016},
	file = {Suicide prevention strategies revisited\: 10-year systematic review - Suicide prevention strategies revisited 10 year systematic review.pdf:C\:\\Users\\Beat\\AppData\\Roaming\\Zotero\\Zotero\\Profiles\\7sw4no6p.default\\zotero\\storage\\TQD6DSXQ\\Suicide prevention strategies revisited 10 year systematic review.pdf:application/pdf}
}

@article{wu_risk_2016,
	title = {Risk factors for cardiac events in patients with {Brugada} syndrome: {A} {PRISMA}-compliant meta-analysis and systematic review},
	volume = {95},
	issn = {0025-7974},
	shorttitle = {Risk factors for cardiac events in patients with {Brugada} syndrome},
	url = {http://content.wkhealth.com/linkback/openurl?sid=WKPTLP:landingpage&an=00005792-201607260-00028},
	doi = {10.1097/MD.0000000000004214},
	language = {en},
	number = {30},
	urldate = {2017-01-20},
	journal = {Medicine},
	author = {Wu, Wenqing and Tian, Li and Ke, Jinshan and Sun, Yi and Wu, Ruixia and Zhu, Jianfang and Ke, Qinmei},
	month = jul,
	year = {2016},
	pages = {e4214},
	file = {00005792-201607260-00028.pdf:C\:\\Users\\Beat\\AppData\\Roaming\\Zotero\\Zotero\\Profiles\\7sw4no6p.default\\zotero\\storage\\MX8PJWTV\\00005792-201607260-00028.pdf:application/pdf}
}

@incollection{the_cochrane_collaboration_implantable_2015,
	address = {Chichester, UK},
	title = {Implantable defibrillators versus medical therapy for cardiac channelopathies},
	url = {http://doi.wiley.com/10.1002/14651858.CD011168.pub2},
	language = {en},
	urldate = {2017-01-20},
	booktitle = {Cochrane {Database} of {Systematic} {Reviews}},
	publisher = {John Wiley \& Sons, Ltd},
	author = {McNamara, David A and Goldberger, Jeffrey J and Berendsen, Mark A and Huffman, Mark D},
	editor = {{The Cochrane Collaboration}},
	month = oct,
	year = {2015},
	file = {cfb9df506f721725ab9cc2afe032127f0f1f787cbbb00cc119e5ce1b30ff7cb2.sup-2.pdf:C\:\\Users\\Beat\\AppData\\Roaming\\Zotero\\Zotero\\Profiles\\7sw4no6p.default\\zotero\\storage\\BWI2FJC7\\cfb9df506f721725ab9cc2afe032127f0f1f787cbbb00cc119e5ce1b30ff7cb2.sup-2.pdf:application/pdf}
}

@article{sieira_management_2016,
	title = {Management of {Brugada} {Syndrome} 2016: {Should} {All} {High} {Risk} {Patients} {Receive} an {ICD}? {Response} to {Juan} {Sieira}, {MD}, and {Pedro} {Brugada}, {MD}, {PhD}},
	volume = {9},
	shorttitle = {Management of {Brugada} {Syndrome} 2016},
	url = {http://circep.ahajournals.org/content/9/11/e004195.abstract},
	number = {11},
	urldate = {2017-01-25},
	journal = {Circulation: Arrhythmia and Electrophysiology},
	author = {Sieira, Juan and Brugada, Pedro},
	year = {2016},
	pages = {e004195},
	file = {e004195.full.pdf:C\:\\Users\\Beat\\AppData\\Roaming\\Zotero\\Zotero\\Profiles\\7sw4no6p.default\\zotero\\storage\\9UJPQBHQ\\e004195.full.pdf:application/pdf}
}

@article{belhassen_management_2016,
	title = {Management of {Brugada} {Syndrome} 2016: {Should} {All} {High} {Risk} {Patients} {Receive} an {ICD}? {Response} to {Bernard} {Belhassen}, {MD}},
	volume = {9},
	shorttitle = {Management of {Brugada} {Syndrome} 2016},
	url = {http://circep.ahajournals.org/content/9/11/e004185.abstract},
	number = {11},
	urldate = {2017-01-25},
	journal = {Circulation: Arrhythmia and Electrophysiology},
	author = {Belhassen, Bernard},
	year = {2016},
	pages = {e004185},
	file = {e004185.full.pdf:C\:\\Users\\Beat\\AppData\\Roaming\\Zotero\\Zotero\\Profiles\\7sw4no6p.default\\zotero\\storage\\34XUKEQC\\e004185.full.pdf:application/pdf}
}

@article{quan_meta-analytic_2016,
	title = {A meta-analytic review of prevalence for {Brugada} {ECG} patterns and the risk for death:},
	volume = {95},
	issn = {0025-7974},
	shorttitle = {A meta-analytic review of prevalence for {Brugada} {ECG} patterns and the risk for death},
	url = {http://content.wkhealth.com/linkback/openurl?sid=WKPTLP:landingpage&an=00005792-201612160-00042},
	doi = {10.1097/MD.0000000000005643},
	language = {en},
	number = {50},
	urldate = {2017-01-25},
	journal = {Medicine},
	author = {Quan, Xiao-Qing and Li, Song and Liu, Rui and Zheng, Kai and Wu, Xiao-Fen and Tang, Qiang},
	month = dec,
	year = {2016},
	pages = {e5643},
	file = {A_meta_analytic_review_of_prevalence_for_Brugada.42.pdf:C\:\\Users\\Beat\\AppData\\Roaming\\Zotero\\Zotero\\Profiles\\7sw4no6p.default\\zotero\\storage\\6T4PCC4V\\A_meta_analytic_review_of_prevalence_for_Brugada.42.pdf:application/pdf}
}

@article{sieira_pathogenesis_2016,
	title = {Pathogenesis and management of {Brugada} syndrome},
	volume = {13},
	issn = {1759-5002, 1759-5010},
	url = {http://www.nature.com/doifinder/10.1038/nrcardio.2016.143},
	doi = {10.1038/nrcardio.2016.143},
	number = {12},
	urldate = {2017-01-25},
	journal = {Nature Reviews Cardiology},
	author = {Sieira, Juan and Dendramis, Gregory and Brugada, Pedro},
	month = sep,
	year = {2016},
	pages = {744--756},
	file = {Pathogenesis and management of Brugada syndrome - nrcardio.2016.143.pdf:C\:\\Users\\Beat\\AppData\\Roaming\\Zotero\\Zotero\\Profiles\\7sw4no6p.default\\zotero\\storage\\46BGNVKC\\nrcardio.2016.143.pdf:application/pdf}
}

@article{huber_estimating_2014,
	title = {Estimating the prevalence of comorbid conditions and their effect on health care costs in patients with diabetes mellitus in {Switzerland}},
	volume = {7},
	url = {https://www.ncbi.nlm.nih.gov/pmc/articles/PMC4199853/},
	doi = {10.2147/DMSO.S69520},
	abstract = {Estimating the prevalence of comorbidities and their associated costs in patients with diabetes is fundamental to optimizing health care management. This study assesses the prevalence and health care costs of comorbid conditions among patients with diabetes ...},
	language = {en},
	urldate = {2017-03-01},
	journal = {Diabetes, Metabolic Syndrome and Obesity: Targets and Therapy},
	author = {Huber, Carola A. and Diem, Peter and Schwenkglenks, Matthias and Rapold, Roland and Reich, Oliver},
	year = {2014},
	pmid = {25336981},
	pages = {455},
	file = {Snapshot:C\:\\Users\\Beat\\AppData\\Roaming\\Zotero\\Zotero\\Profiles\\7sw4no6p.default\\zotero\\storage\\RARSFV8Q\\PMC4199853.html:text/html}
}

@article{huber_identifying_2013,
	title = {Identifying patients with chronic conditions using pharmacy data in {Switzerland}: an updated mapping approach to the classification of medications},
	volume = {13},
	shorttitle = {Identifying patients with chronic conditions using pharmacy data in {Switzerland}},
	url = {https://www.ncbi.nlm.nih.gov/pmc/articles/PMC3840632/},
	doi = {10.1186/1471-2458-13-1030},
	abstract = {Quantifying population health is important for public health policy. Since national disease registers recording clinical diagnoses are often not available, pharmacy data were frequently used to identify chronic conditions (CCs) in populations. However, ...},
	language = {en},
	urldate = {2017-03-01},
	journal = {BMC Public Health},
	author = {Huber, Carola A. and Szucs, Thomas D. and Rapold, Roland and Reich, Oliver},
	year = {2013},
	pmid = {24172142},
	pages = {1030},
	file = {Snapshot:C\:\\Users\\Beat\\AppData\\Roaming\\Zotero\\Zotero\\Profiles\\7sw4no6p.default\\zotero\\storage\\FIUQ6M46\\PMC3840632.html:text/html}
}