
@misc{steiert_motion_2016,
	title = {Motion 16.3001: {Gesundheitssystem}. {Ausgewogenes} {Angebot} durch {Differenzierung} des {Taxpunktwertes}},
	shorttitle = {16.3001},
	url = {https://www.parlament.ch/de/ratsbetrieb/suche-curia-vista/geschaeft?AffairId=20163001},
	author = {Steiert, Jean-François},
	month = jan,
	year = {2016}
}

@article{bahler_multimorbidity_2015,
	title = {Multimorbidity, health care utilization and costs in an elderly community-dwelling population: a claims data based observational study},
	volume = {15},
	issn = {1472-6963},
	shorttitle = {Multimorbidity, health care utilization and costs in an elderly community-dwelling population},
	doi = {10.1186/s12913-015-0698-2},
	abstract = {BACKGROUND: Chronic conditions and multimorbidity have become one of the main challenges in health care worldwide. However, data on the burden of multimorbidity are still scarce. The purpose of this study is to examine the association between multimorbidity and the health care utilization and costs in the Swiss community-dwelling population, taking into account several sociodemographic factors.
METHODS: The study population consists of 229'493 individuals aged 65 or older who were insured in 2013 by the Helsana Group, the leading health insurer in Switzerland, covering all 26 Swiss cantons. Multimorbidity was defined as the presence of two or more chronic conditions of a list of 22 conditions that were identified using an updated measure of the Pharmacy-based Cost Group model. The number of consultations (total and divided by primary care physicians and specialists), the number of different physicians contacted, the type of physician contact (face-to-face, phone, and home visits), the number of hospitalisations and the length of stay were assessed separately for the multimorbid and non-multimorbid sample. The costs (total and divided by inpatient and outpatient costs) covered by the compulsory health insurance were calculated for both samples. Multiple linear regression modelling was conducted to adjust for influencing factors: age, sex, linguistic region, purchasing power, insurance plan, and nursing dependency.
RESULTS: Prevalence of multimorbidity was 76.6\%. The mean number of consultations per year was 15.7 in the multimorbid compared to 4.4 in the non-multimorbid sample. Total costs were 5.5 times higher in multimorbid patients. Each additional chronic condition was associated with an increase of 3.2 consultations and increased costs of 33\%. Strong positive associations with utilization and costs were also found for nursing dependency. Multimorbid patients were 5.6 times more likely to be hospitalised. Furthermore, results revealed a significant age-gender interaction and a socioeconomic gradient.
CONCLUSIONS: Multimorbidity is associated with substantial higher health care utilization and costs in Switzerland. Quantified data on the current burden of multimorbidity are fundamental for the management of patients in health service delivery systems and for health care policy debates about resource allocation. Strategies for a better coordination of multimorbid patients are urgently needed.},
	language = {eng},
	journal = {BMC health services research},
	author = {Bähler, Caroline and Huber, Carola A. and Brüngger, Beat and Reich, Oliver},
	year = {2015},
	pmid = {25609174},
	pmcid = {PMC4307623},
	pages = {23}
}

@misc{lumengo_interpellation_2006,
	title = {Interpellation 10.3584: {Pilotprojekt} zur {Unterstützung} der {Landärzte} im {Berner} {Oberland}},
	shorttitle = {Ip. 10.3584},
	url = {https://www.parlament.ch/de/ratsbetrieb/suche-curia-vista/geschaeft?AffairId=20103584},
	author = {Lumengo, Ricardo},
	month = jun,
	year = {2006}
}

@misc{_bvger_2014,
	title = {{BVGer} {C}-6229/2011},
	url = {https://www.google.ch/url?sa=t&rct=j&q=&esrc=s&source=web&cd=1&cad=rja&uact=8&ved=0ahUKEwi6tO78tvrLAhWiFJoKHfnECDQQFggdMAA&url=http%3A%2F%2Fwww.bvger.ch%2Fpubliws%2Fdownload%3Bjsessionid%3D1741D499EE9927467360385FECE2A643%3FdecisionId%3D6e1695e7-c9b1-4b7d-ba6c-96defe42b8b0&usg=AFQjCNFmEz7zqP7oz0kMXjzu1-CRuUZUdw},
	month = may,
	year = {2014}
}

@misc{_kvg_1994,
	title = {{KVG}, {SR} 832.10},
	shorttitle = {{SR} 832.10},
	url = {https://www.admin.ch/opc/de/classified-compilation/19940073/index.html},
	abstract = {Bundesgesetz vom 18. März 1994 über die Krankenversicherung (KVG)},
	urldate = {2016-03-23},
	month = mar,
	year = {1994}
}

@misc{center_for_history_and_new_media_schnelleinstieg_????,
	title = {Schnelleinstieg},
	url = {http://zotero.org/support/quick_start_guide},
	author = {{Center for History and New Media}},
	annote = {Willkommen bei Zotero!
Anhand des Schnelleinstiegs lässt sich das Sammeln, Handhaben, Zitieren und Teilen von Quellen erlernen.
Vielen Dank, dass Sie Zotero installiert haben.}
}

@book{kieser_tarif_2015,
	address = {Bern},
	title = {Tarif und {Tarifanpassung} in der {Krankenversicherung}: ein juristischer, ökonomischer und methodischer {Blick} auf den ambulanten {Bereich}},
	isbn = {978-3-7272-3170-4},
	shorttitle = {Tarif und {Tarifanpassung} in der {Krankenversicherung}},
	language = {German},
	publisher = {Stämpfli},
	author = {Kieser, Ueli and Oggier, Willy and Bührer, Andreas},
	year = {2015}
}

@misc{humbel_interpellation_2009,
	title = {Interpellation 09.3272: {Einheitliche} {Tarmed}- {Taxpunktwerte} in den {Kantonen}},
	shorttitle = {Ip. 09.3272},
	url = {https://www.parlament.ch/de/ratsbetrieb/suche-curia-vista/geschaeft?AffairId=20093272},
	author = {Humbel, Ruth},
	month = mar,
	year = {2009}
}

@misc{_botschaft_1991,
	title = {Botschaft und {Gesetzesentwurf} vom 6. {November} 1991 über die {Revision} der {Krankenversicherung}},
	shorttitle = {{BBl} 1992 {I} 93},
	url = {http://www.bag.admin.ch/themen/krankenversicherung/00305/13058/index.html?lang=de&download=NHzLpZeg7t,lnp6I0NTU042l2Z6ln1acy4Zn4Z2qZpnO2Yuq2Z6gpJCLdYJ6g2ym162epYbg2c_JjKbNoKSn6A--},
	month = jun,
	year = {1991}
}

@misc{_kvv_1995,
	title = {{KVV}, {SR} 832.102},
	shorttitle = {{SR} 832.102},
	url = {https://www.admin.ch/opc/de/classified-compilation/19950219/index.html},
	abstract = {Verordnung vom 27. Juni 1995 über die Krankenversicherung (KVV)},
	urldate = {2016-03-23},
	month = jun,
	year = {1995}
}

@misc{graber_interpellation_2010,
	title = {Interpellation 10.3105: {Steigende} {Gesundheitskosten}},
	url = {https://www.parlament.ch/de/ratsbetrieb/suche-curia-vista/geschaeft?AffairId=20103105},
	author = {Graber, Jean-Pierre},
	month = mar,
	year = {2010}
}

@misc{_botschaft_2004,
	title = {Botschaft betreffend die Änderung des {Bundesgesetzes}  über die {Krankenversicherung} ({Managed} {Care})},
	shorttitle = {{BBI} 2004 5599 - 5599},
	url = {https://www.admin.ch/opc/de/federal-gazette/2004/5599.pdf},
	month = sep,
	year = {2004}
}