
@article{bahler_multimorbidity_2015,
	title = {Multimorbidity, health care utilization and costs in an elderly community-dwelling population: a claims data based observational study},
	volume = {15},
	issn = {1472-6963},
	shorttitle = {Multimorbidity, health care utilization and costs in an elderly community-dwelling population},
	doi = {10.1186/s12913-015-0698-2},
	abstract = {BACKGROUND: Chronic conditions and multimorbidity have become one of the main challenges in health care worldwide. However, data on the burden of multimorbidity are still scarce. The purpose of this study is to examine the association between multimorbidity and the health care utilization and costs in the Swiss community-dwelling population, taking into account several sociodemographic factors.
METHODS: The study population consists of 229'493 individuals aged 65 or older who were insured in 2013 by the Helsana Group, the leading health insurer in Switzerland, covering all 26 Swiss cantons. Multimorbidity was defined as the presence of two or more chronic conditions of a list of 22 conditions that were identified using an updated measure of the Pharmacy-based Cost Group model. The number of consultations (total and divided by primary care physicians and specialists), the number of different physicians contacted, the type of physician contact (face-to-face, phone, and home visits), the number of hospitalisations and the length of stay were assessed separately for the multimorbid and non-multimorbid sample. The costs (total and divided by inpatient and outpatient costs) covered by the compulsory health insurance were calculated for both samples. Multiple linear regression modelling was conducted to adjust for influencing factors: age, sex, linguistic region, purchasing power, insurance plan, and nursing dependency.
RESULTS: Prevalence of multimorbidity was 76.6\%. The mean number of consultations per year was 15.7 in the multimorbid compared to 4.4 in the non-multimorbid sample. Total costs were 5.5 times higher in multimorbid patients. Each additional chronic condition was associated with an increase of 3.2 consultations and increased costs of 33\%. Strong positive associations with utilization and costs were also found for nursing dependency. Multimorbid patients were 5.6 times more likely to be hospitalised. Furthermore, results revealed a significant age-gender interaction and a socioeconomic gradient.
CONCLUSIONS: Multimorbidity is associated with substantial higher health care utilization and costs in Switzerland. Quantified data on the current burden of multimorbidity are fundamental for the management of patients in health service delivery systems and for health care policy debates about resource allocation. Strategies for a better coordination of multimorbid patients are urgently needed.},
	language = {eng},
	journal = {BMC health services research},
	author = {Bähler, Caroline and Huber, Carola A. and Brüngger, Beat and Reich, Oliver},
	year = {2015},
	pmid = {25609174},
	pmcid = {PMC4307623},
	pages = {23}
}

@techreport{sangra_tarmed_2010,
	title = {{TARMED} - der {Tarif} für ambulant erbrachte ärztliche {Leistungen}},
	url = {http://bit.ly/2c9dofG},
	urldate = {2016-04-20},
	institution = {Eidgenössische Finanzkontrolle (EFK)},
	author = {Sangra, Emmanuel and Courbat, Claude},
	month = nov,
	year = {2010}
}

@techreport{widmer_tarmed_2004,
	title = {{TARMED} - {Vorbereitung} einer {Wirkungsanalyse} über die {Einführung} sowie die {Wirkungen} von {TARMED}},
	url = {http://www.ipz.uzh.ch/dam/jcr:00000000-6734-da5c-0000-000013de5504/Tarmed_2005_d.pdf},
	urldate = {2016-04-20},
	author = {Widmer, Thomas and Bisang, Kurt and Moser, Christian},
	year = {2004}
}

@techreport{ettelt_health_2006,
	title = {Health care outside hospital - {Accessing} generalist and specialist care in eight countries},
	url = {http://www.euro.who.int/__data/assets/pdf_file/0009/108963/E892592.pdf?ua=1},
	urldate = {2016-09-04},
	institution = {European Observatory on Health Systems and Policies},
	author = {Ettelt, Stefanie and Nolte, Ellen and Mays, Nicholas and Thomson, Sarah and McKee, Martin},
	year = {2006},
	file = {Access Policy brief\:Covers - E892592.pdf:C\:\\Users\\Beat\\AppData\\Roaming\\Zotero\\Zotero\\Profiles\\7sw4no6p.default\\zotero\\storage\\NG4I8NB4\\E892592.pdf:application/pdf}
}

@techreport{edi_gesundheit_2013,
	type = {Medienbericht},
	title = {Gesundheit 2020 - {Die} gesundheitspolitischen {Prioritäten} des {Bundesrates}},
	shorttitle = {Gesundheit 2020},
	url = {http://bit.ly/1orgI7g},
	abstract = {Der Bundesrat hat am 22. Juni 2011 eine gesundheitspolitische Agenda verabschiedet
und das Eidgenössische Departement des Innern (EDI) aufgefordert, im Herbst 2012
über die Umsetzung Bericht zu erstatten. In der Zwischenzeit haben sich in der gesund-
heitspolitischen Ausgangslage wesentliche Veränderungen ergeben. So wurde die
Managed-Care-Vorlage am 17. Juni 2012 durch das Schweizervolk verworfen und das
Parlament lehnte am 27. September das Präventionsgesetz ab. Diese Veränderungen
führen das EDI dazu, eine überarbeitete und weiterführende gesundheitspolitische
Agenda bis 2020 vorzuschlagen.},
	urldate = {2016-09-04},
	institution = {Eidg. Departement des Inneren},
	author = {EDI},
	month = jan,
	year = {2013},
	file = {index.pdf:C\:\\Users\\Beat\\AppData\\Roaming\\Zotero\\Zotero\\Profiles\\7sw4no6p.default\\zotero\\storage\\PPD7G5X8\\index.pdf:application/pdf}
}

@book{thomson_financing_2009,
	address = {Copenhagen},
	series = {Observatory studies series},
	title = {Financing health care in the {European} {Union}: challenges and policy responses},
	isbn = {978-92-890-4165-2},
	shorttitle = {Financing health care in the {European} {Union}},
	url = {http://bit.ly/1o5es2h},
	number = {no. 17},
	publisher = {World Health Organization on behalf of the European Observatory on Health Systems and Policies},
	author = {Thomson, Sarah and Foubister, Thomas and Mossialos, Elias},
	collaborator = {{European Observatory on Health Systems and Policies} and {European Parliament}},
	year = {2009},
	note = {OCLC: ocn429024430},
	keywords = {Cost control, European Union countries, Health care reform, Medical care, Medical economics, Medical policy},
	annote = {The problem of sustainability -- Distinguishing economic and fiscal sustainability -- Addressing the fiscal sustainability problem -- Health care expenditure in context -- Health care financing in the European Union -- Frameworks for analysis -- Descriptive analysis of financing arrangements -- Health care financing reforms: options, trends and impact -- Maximizing collection and changing the mix of contribution mechanisms -- Addressing fragmented pooling -- Expanding entitlement to public coverage and defining benefits -- From passive reimbursement to strategic purchasing of health services -- Conclusions and policy recommendations -- Which reforms are most likely to enhance sustainability? -- Is there an optimal method of financing health care? -- Policy recommendations -- Annex: summaries of health care financing by Member State},
	annote = {"This study was requested and financed by the European Parliament's Committee on Employment and Social Affairs (EMPL)."},
	file = {Financing health care in the European Region - Challenges and policy responses - E92469.pdf:C\:\\Users\\Beat\\AppData\\Roaming\\Zotero\\Zotero\\Profiles\\7sw4no6p.default\\zotero\\storage\\F3V8AINB\\E92469.pdf:application/pdf}
}

@book{thomson_addressing_2009,
	title = {Addressing financial sustainability in health systems},
	url = {http://www.president.bg/docs/1352304349.pdf},
	urldate = {2016-09-05},
	publisher = {World Health Organization Copenhagen},
	author = {Thomson, Sarah and Foubister, Tom and Figueras, Josep and Kutzin, Joseph and Permanand, Govin and Bryndová, Lucie},
	year = {2009},
	file = {Addressing financial sustainability in health systems - E93058.pdf:C\:\\Users\\Beat\\AppData\\Roaming\\Zotero\\Zotero\\Profiles\\7sw4no6p.default\\zotero\\storage\\XZ2Q49RS\\E93058.pdf:application/pdf}
}

@techreport{peckham_gp_2014,
	title = {{GP} payment schemes review},
	url = {https://www.kent.ac.uk/chss/docs/GP-payment-schemes-review-Final.pdf},
	abstract = {We  conducted  a  review  of  the  literature  on  primary  care  physician (Eg  family  doctor,  general practitioner  or  other  generalist  working  in  a  community  setting) payment, methods  and  their impacts on physician behaviour.},
	urldate = {2016-09-04},
	institution = {Policy Reasearch Unit in Commissioning and the Healthcare System},
	author = {Peckham, Stephen and Gousia, Katerina},
	month = oct,
	year = {2014},
	file = {GP-payment-schemes-review-Final.pdf:C\:\\Users\\Beat\\AppData\\Roaming\\Zotero\\Zotero\\Profiles\\7sw4no6p.default\\zotero\\storage\\SMC87S6J\\GP-payment-schemes-review-Final.pdf:application/pdf}
}

@techreport{smolders_optimal_2007,
	title = {An optimal renumeration for {General} {Practitioners}},
	url = {http://bit.ly/2ctP0Gr},
	urldate = {2016-09-04},
	institution = {Dutch Healthcare  Authority (NZa)},
	author = {Smolders, Nicole and Seinen, Ingrid},
	month = jul,
	year = {2007},
	file = {Research_paper_An_Optimal_remuneration_system_for_General_Practitioners.pdf:C\:\\Users\\Beat\\AppData\\Roaming\\Zotero\\Zotero\\Profiles\\7sw4no6p.default\\zotero\\storage\\4IGXANGI\\Research_paper_An_Optimal_remuneration_system_for_General_Practitioners.pdf:application/pdf}
}

@techreport{moser_zur_2012,
	title = {Zur {Eignung} der geltenden {Tarifregelungen} und {Tarife} nach {KVG} für neue {Versorgungsmodelle}},
	url = {http://www.bag.admin.ch/themen/krankenversicherung/00305/04216/index.html?lang=de&download=NHzLpZeg7t,lnp6I0NTU042l2Z6ln1acy4Zn4Z2qZpnO2Yuq2Z6gpJCLdoN2e2ym162epYbg2c_JjKbNoKSn6A--},
	urldate = {2016-09-07},
	author = {Moser, Markus},
	year = {2012},
	file = {index.pdf:C\:\\Users\\Beat\\AppData\\Roaming\\Zotero\\Zotero\\Profiles\\7sw4no6p.default\\zotero\\storage\\2J338Q9I\\index.pdf:application/pdf}
}

@article{forster_steigende_2016,
	title = {Steigende {Gesundheitskosten}: {Berset} will das {Wachstum} drosseln},
	shorttitle = {Steigende {Gesundheitskosten}},
	url = {http://bit.ly/2bUFaAY},
	abstract = {Der Bund prüft, das Mengenwachstum über Budgets einzudämmen.},
	urldate = {2016-09-07},
	journal = {Neue Zürcher Zeitung},
	author = {Forster, Christof},
	month = sep,
	year = {2016},
	file = {Snapshot:C\:\\Users\\Beat\\AppData\\Roaming\\Zotero\\Zotero\\Profiles\\7sw4no6p.default\\zotero\\storage\\KK7CAKJQ\\steigende-gesundheitskosten-berset-will-das-wachstum-drosseln-ld.html:text/html}
}

@article{nordwestschweiz_schweiz_2016,
	title = {Der {Schweiz} fehlen über 2000 {Hausärzte} – und es werden mehr},
	url = {http://bit.ly/2c9crUA},
	urldate = {2016-09-07},
	journal = {Aargauer Zeitung},
	author = {Nordwestschweiz},
	month = sep,
	year = {2016},
	file = {Der Schweiz fehlen über 2000 Hausärzte – und es werden mehr - Schweiz - az Aargauer Zeitung:C\:\\Users\\Beat\\AppData\\Roaming\\Zotero\\Zotero\\Profiles\\7sw4no6p.default\\zotero\\storage\\3G5E8ZJW\\der-schweiz-fehlen-ueber-2000-hausaerzte-und-es-werden-mehr-130539714.html:text/html}
}

@article{edi_mengenwachstum_2016,
	address = {Bern},
	title = {Mengenwachstum im {Gesundheitswesen} eindämmen – zusätzliche {Massnahmen} nötig},
	url = {http://bit.ly/2c5g0hg},
	urldate = {2016-09-07},
	journal = {Medienmitteilung},
	author = {{EDI}},
	month = sep,
	year = {2016},
	file = {Mengenwachstum im Gesundheitswesen eindämmen – zusätzliche Massnahmen nötig:C\:\\Users\\Beat\\AppData\\Roaming\\Zotero\\Zotero\\Profiles\\7sw4no6p.default\\zotero\\storage\\WGTMF8E7\\medienmitteilungen.msg-id-63621.html:text/html}
}

@techreport{ruesch_messinstrumente_2011,
	address = {Neuchâtel},
	title = {Messinstrumente zu psychischer  {Gesundheit}-{Krankheit} in der {Schweizerischen}  {Gesundheitsbefragungefragung}. {Empirische} {Analyse}  der {Messeigenschaften} und {Vergleich} mit europäischer {Erhebung}},
	url = {http://www.obsan.admin.ch/sites/default/files/publications/2015/obsan_dossier_16.pdf},
	number = {16},
	urldate = {2016-09-22},
	institution = {Schweizerisches Gesundheitsobservatorium},
	author = {Rüesch, Peter and Volken, Thomas and Bänziger, Andreas and Gügler, Rahel},
	year = {2011},
	file = {obsan_dossier_16.pdf:C\:\\Users\\Beat\\AppData\\Roaming\\Zotero\\Zotero\\Profiles\\7sw4no6p.default\\zotero\\storage\\P9D2CNTK\\obsan_dossier_16.pdf:application/pdf}
}

@techreport{stamm_monitoring_2016,
	address = {Bern und Lausanne},
	title = {Monitoring der {Gewichtsdaten} der schulärztlichen {Dienste} der {Städte} {Basel}, {Bern} und {Zürich}},
	number = {Faktenblatt 13},
	urldate = {2016-09-26},
	institution = {Gesundheitsförderung Schweiz},
	author = {Stamm, Hanspeter and Bauschatz, Andrea-Seraina and Ceschi, Michela and Guggenbühl, Lisa and Lamprecht, Markus and Ledergerber, Markus and Sperisen, Nicolas and Staehelin, Katharina and Huwiler, Susanne and Tschumper, Annemarie and Wiegand, Doris},
	year = {2016},
	file = {Faktenblatt_013_GFCH_2016-03_-_BMI-Monitoring.pdf:C\:\\Users\\Beat\\AppData\\Roaming\\Zotero\\Zotero\\Profiles\\7sw4no6p.default\\zotero\\storage\\IGEMRP9Z\\Faktenblatt_013_GFCH_2016-03_-_BMI-Monitoring.pdf:application/pdf}
}

@book{antonovsky_salutogenese_1997,
	title = {Salutogenese : zur {Entmystifizierung} der {Gesundheit}},
	volume = {Band 36},
	isbn = {3-87159-136-X},
	author = {Antonovsky, Aaron},
	year = {1997}
}

@techreport{bengel_was_2001,
	address = {Köln},
	title = {Was erhält {Menschen} gesund? {Antonovskys} {Modell} der {Salutogenese}},
	url = {http://www.bzga.de/pdf.php?id=0ddf4b0628799d2005cc654f15e704b9},
	number = {Band 6},
	urldate = {2016-10-23},
	institution = {Bundeszentrale für gesundheitliche Aufklärung},
	author = {Bengel, Jürgen and Strittmatter, Regine and Willmann, Hildegard},
	year = {2001},
	pages = {172},
	file = {pdf.pdf:C\:\\Users\\Beat\\AppData\\Roaming\\Zotero\\Zotero\\Profiles\\7sw4no6p.default\\zotero\\storage\\BQPBRH3S\\pdf.pdf:application/pdf}
}

@article{rumpf_screening_2001,
	title = {Screening for mental health: validity of the {MHI}-5 using {DSM}-{IV} {Axis} {I} psychiatric disorders as gold standard},
	volume = {105},
	issn = {01651781},
	shorttitle = {Screening for mental health},
	url = {http://linkinghub.elsevier.com/retrieve/pii/S0165178101003298},
	doi = {10.1016/S0165-1781(01)00329-8},
	language = {en},
	number = {3},
	urldate = {2016-10-23},
	journal = {Psychiatry Research},
	author = {Rumpf, Hans-Jürgen and Meyer, Christian and Hapke, Ulfert and John, Ulrich},
	month = dec,
	year = {2001},
	pages = {243--253}
}

@techreport{bachmann_soziale_2014,
	title = {Soziale {Ressourcen} als {Gesundheitsschutz}: {Wirkungsweise} und {Verbreitung} in der {Schweizer} {Bevölkerung} und in {Europa}},
	shorttitle = {Soziale {Ressourcen} als {Gesundheitsschutz}},
	url = {http://www.obsan.admin.ch/sites/default/files/publications/2015/obsan_dossier_27.pdf},
	number = {27},
	urldate = {2016-10-23},
	institution = {Obsan},
	author = {Bachmann, Nicole},
	year = {2014},
	file = {Titel - obsan_dossier_27.pdf:C\:\\Users\\Beat\\AppData\\Roaming\\Zotero\\Zotero\\Profiles\\7sw4no6p.default\\zotero\\storage\\3T7ZRQTT\\obsan_dossier_27.pdf:application/pdf}
}

@article{uchino_social_2006,
	title = {Social {Support} and {Health}: {A} {Review} of {Physiological} {Processes} {Potentially} {Underlying} {Links} to {Disease} {Outcomes}},
	volume = {29},
	issn = {0160-7715, 1573-3521},
	shorttitle = {Social {Support} and {Health}},
	url = {http://link.springer.com/10.1007/s10865-006-9056-5},
	doi = {10.1007/s10865-006-9056-5},
	language = {en},
	number = {4},
	urldate = {2016-10-23},
	journal = {Journal of Behavioral Medicine},
	author = {Uchino, Bert N.},
	month = aug,
	year = {2006},
	pages = {377--387},
	file = {uchino2006.pdf:C\:\\Users\\Beat\\AppData\\Roaming\\Zotero\\Zotero\\Profiles\\7sw4no6p.default\\zotero\\storage\\7TCXDK87\\uchino2006.pdf:application/pdf}
}

@article{uchino_psychological_2012,
	title = {Psychological pathways linking social support to health outcomes: {A} visit with the “ghosts” of research past, present, and future},
	volume = {74},
	issn = {02779536},
	shorttitle = {Psychological pathways linking social support to health outcomes},
	url = {http://linkinghub.elsevier.com/retrieve/pii/S0277953612000196},
	doi = {10.1016/j.socscimed.2011.11.023},
	language = {en},
	number = {7},
	urldate = {2016-10-23},
	journal = {Social Science \& Medicine},
	author = {Uchino, Bert N. and Bowen, Kimberly and Carlisle, McKenzie and Birmingham, Wendy},
	month = apr,
	year = {2012},
	pages = {949--957},
	file = {nihms352908.pdf:C\:\\Users\\Beat\\AppData\\Roaming\\Zotero\\Zotero\\Profiles\\7sw4no6p.default\\zotero\\storage\\QII3A9IQ\\nihms352908.pdf:application/pdf}
}

@book{berkman_social_2000,
	address = {New York},
	title = {Social epidemiology},
	isbn = {978-0-19-508331-6},
	publisher = {Oxford University Press},
	editor = {Berkman, Lisa F. and Kawachi, Ichirō},
	year = {2000},
	keywords = {Epidemiology, Social aspects, Social medicine}
}

@incollection{rappaport_social_2000,
	address = {Boston, MA},
	title = {Social {Support} {Research} in {Community} {Psychology}},
	isbn = {978-1-4613-6881-6 978-1-4615-4193-6},
	url = {http://link.springer.com/10.1007/978-1-4615-4193-6_10},
	language = {en},
	urldate = {2016-10-23},
	booktitle = {Handbook of {Community} {Psychology}},
	publisher = {Springer US},
	author = {Barrera, Manuel},
	editor = {Rappaport, Julian and Seidman, Edward},
	year = {2000},
	pages = {215--245}
}

@book{richter_gesundheitliche_2009,
	address = {Wiesbaden},
	edition = {2., aktualisierte Aufl},
	title = {Gesundheitliche {Ungleichheit}: {Grundlagen}, {Probleme}, {Perspektiven}},
	isbn = {978-3-531-16084-9},
	shorttitle = {Gesundheitliche {Ungleichheit}},
	abstract = {Noch immer gilt: Wer arm, wenig gebildet und beruflich schlecht gestellt ist, wird häufiger krank und muss früher sterben. Wie aber kann dieser Zusammenhang zwischen sozialer Ungleichheit und Gesundheit erklärt werden? Welche Mechanismen und Prozesse liegen dem sozialen Gradienten in der Gesundheit zugrunde? Der Band bietet einen umfassenden Überblick über Theorien, Forschungsergebnisse und Implikationen für Politik und Praxis. Er führt in die aktuelle Diskussion soziologischer und gesundheitswissenschaftlicher Erklärungen gesundheitlicher Ungleichheit ein, stellt innovative empirische Ergebnisse vor, diskutiert methodische Herausforderungen und zeigt Möglichkeiten auf, den Zusammenhang zwischen sozialer Ungleichheit und Gesundheit zu verringern. Mit Beiträgen führender Sozial- und Gesundheitswissenschaftler aus dem Forschungsfeld stellt dieses Buch umfangreiche Informationen zum Verständnis und zur Reduzierung gesundheitlicher Ungleichheiten zur Verfügung},
	language = {ger},
	publisher = {VS, Verl. für Sozialwissenschaften},
	editor = {Richter, Matthias and Hurrelmann, Klaus},
	year = {2009},
	note = {OCLC: 423852441},
	keywords = {Aufsatzsammlung, Gesundheit, Health policy Germany, Public health Germany, Social medicine Germany, Socioeconomic factors Germany, Soziale Ungleichheit},
	annote = {Literaturangaben},
	file = {bok%3A978-3-531-91643-9.pdf:C\:\\Users\\Beat\\AppData\\Roaming\\Zotero\\Zotero\\Profiles\\7sw4no6p.default\\zotero\\storage\\9M2VP6WH\\bok%3A978-3-531-91643-9.pdf:application/pdf}
}

@incollection{abel_kulturelles_2006,
	title = {Kulturelles {Kapital}, kollektive {Lebensstile} und die soziale {Reproduktion} gesundheitlicher {Ungleichheit}},
	url = {http://link.springer.com/chapter/10.1007/978-3-531-90357-6_11},
	urldate = {2016-10-29},
	booktitle = {Gesundheitliche {Ungleichheit}},
	publisher = {Springer},
	author = {Abel, Thomas and Abraham, Andrea and Sommerhalder, Kathrin},
	editor = {Richter, Mathias and Hurrelmann, Klaus},
	year = {2006},
	pages = {185--198},
	file = {chp%3A10.1007%2F978-3-531-91643-9_11.pdf:C\:\\Users\\Beat\\AppData\\Roaming\\Zotero\\Zotero\\Profiles\\7sw4no6p.default\\zotero\\storage\\HHX2F9KE\\chp%3A10.1007%2F978-3-531-91643-9_11.pdf:application/pdf}
}

@book{rohrle_soziale_1994,
	address = {Weinheim},
	title = {Soziale {Netzwerke} und soziale {Unterstützung}},
	isbn = {978-3-621-27192-9},
	publisher = {Beltz : Psychologie Verlags Union},
	author = {Röhrle, Bernd},
	year = {1994},
	keywords = {Social networks},
	annote = {Originally presented as the author's thesis (doctoral)--Universität Heidelberg, 1994}
}

@book{schuler_psychische_2012,
	title = {Psychische {Gesundheit} in der {Schweiz}: {Monitoring} 2012},
	shorttitle = {Psychische {Gesundheit} in der {Schweiz}},
	url = {http://www.bfs.admin.ch/bfs/portal/de/index/dienstleistungen/publikationen_statistik/publikationskatalog.Document.154162.pdf},
	urldate = {2016-10-30},
	publisher = {Schweizerisches Gesundheitsobservatorium (Obsan)},
	author = {Schuler, Daniela and Burla, Laila},
	year = {2012},
	file = {obsan_52_bericht.pdf:C\:\\Users\\Beat\\AppData\\Roaming\\Zotero\\Zotero\\Profiles\\7sw4no6p.default\\zotero\\storage\\NU24D54J\\obsan_52_bericht.pdf:application/pdf}
}

@article{kauer_long-term_2016,
	title = {Long-term {Effects} of {Managed} {Care}: {Long}-term {Effects} of {Managed} {Care}},
	issn = {10579230},
	shorttitle = {Long-term {Effects} of {Managed} {Care}},
	url = {http://doi.wiley.com/10.1002/hec.3392},
	doi = {10.1002/hec.3392},
	language = {en},
	urldate = {2016-10-31},
	journal = {Health Economics},
	author = {Kauer, Lukas},
	year = {2016},
	file = {Kauer-2016-Health_Economics.pdf:C\:\\Users\\Beat\\AppData\\Roaming\\Zotero\\Zotero\\Profiles\\7sw4no6p.default\\zotero\\storage\\N59GSBI8\\Kauer-2016-Health_Economics.pdf:application/pdf}
}

@article{lehmann_innovation_2004,
	title = {Innovation and risk selection in deregulated social health insurance},
	volume = {23},
	issn = {01676296},
	url = {http://linkinghub.elsevier.com/retrieve/pii/S016762960400027X},
	doi = {10.1016/j.jhealeco.2003.12.007},
	language = {en},
	number = {5},
	urldate = {2016-11-06},
	journal = {Journal of Health Economics},
	author = {Lehmann, Hansjörg and Zweifel, Peter},
	month = sep,
	year = {2004},
	pages = {997--1012},
	file = {doi\:10.1016/j.jhealeco.2003.12.007 - 1-s2.0-S016762960400027X-main.pdf:C\:\\Users\\Beat\\AppData\\Roaming\\Zotero\\Zotero\\Profiles\\7sw4no6p.default\\zotero\\storage\\FKPUT6DS\\1-s2.0-S016762960400027X-main.pdf:application/pdf}
}

@article{shmueli_managed_2015,
	title = {Managed care in four managed competition {OECD} health systems},
	volume = {119},
	issn = {01688510},
	url = {http://linkinghub.elsevier.com/retrieve/pii/S0168851015000640},
	doi = {10.1016/j.healthpol.2015.02.013},
	language = {en},
	number = {7},
	urldate = {2016-11-06},
	journal = {Health Policy},
	author = {Shmueli, Amir and Stam, Piet and Wasem, Jürgen and Trottmann, Maria},
	month = jul,
	year = {2015},
	pages = {860--873},
	file = {Managed care in four managed competition OECD health systems - 1-s2.0-S0168851015000640-main.pdf:C\:\\Users\\Beat\\AppData\\Roaming\\Zotero\\Zotero\\Profiles\\7sw4no6p.default\\zotero\\storage\\B47ABTAS\\1-s2.0-S0168851015000640-main.pdf:application/pdf}
}

@article{trottmann_supply-side_2012,
	title = {Supply-side and demand-side cost sharing in deregulated social health insurance: {Which} is more effective?},
	volume = {31},
	issn = {01676296},
	shorttitle = {Supply-side and demand-side cost sharing in deregulated social health insurance},
	url = {http://linkinghub.elsevier.com/retrieve/pii/S0167629611001378},
	doi = {10.1016/j.jhealeco.2011.10.004},
	language = {en},
	number = {1},
	urldate = {2016-11-06},
	journal = {Journal of Health Economics},
	author = {Trottmann, Maria and Zweifel, Peter and Beck, Konstantin},
	month = jan,
	year = {2012},
	pages = {231--242},
	file = {Supply-side and demand-side cost sharing in deregulated social health insurance\: Which is more effective? - 1-s2.0-S0167629611001378-main.pdf:C\:\\Users\\Beat\\AppData\\Roaming\\Zotero\\Zotero\\Profiles\\7sw4no6p.default\\zotero\\storage\\P73ZNUP2\\1-s2.0-S0167629611001378-main.pdf:application/pdf}
}

@techreport{binswanger_finanzielle_2012,
	address = {Olten},
	title = {Finanzielle {Anreizwirkungen} der {Budgetmitverantwortung} in der {Managed} {Care} {Vorlage}},
	url = {http://www.fhnw.ch/wirtschaft/icc/forschung/forschung-ews/Gutachten_Managed_Care.pdf},
	urldate = {2016-11-06},
	institution = {Hochschule für Wirtschaft an der Fachhochschule Nordwestschweiz},
	author = {Binswanger, Mathias},
	year = {2012},
	file = {Gutachten_Managed_Care.pdf:C\:\\Users\\Beat\\AppData\\Roaming\\Zotero\\Zotero\\Profiles\\7sw4no6p.default\\zotero\\storage\\QNHMWXZS\\Gutachten_Managed_Care.pdf:application/pdf}
}

@article{reich_empirical_2012,
	title = {An empirical investigation of the efficiency effects of integrated care models in {Switzerland}},
	volume = {12},
	url = {http://ijic.ubiquitypress.com/articles/10.5334/ijic.685/galley/1506/download/},
	number = {1},
	urldate = {2016-11-06},
	journal = {International Journal of Integrated Care},
	author = {Reich, Oliver and Rapold, Roland and Flatscher-Thöni, Magdalena},
	year = {2012},
	file = {ijic2011-2011144.pdf:C\:\\Users\\Beat\\AppData\\Roaming\\Zotero\\Zotero\\Profiles\\7sw4no6p.default\\zotero\\storage\\G6PVP73P\\ijic2011-2011144.pdf:application/pdf}
}

@book{berchtold_evidenz_2006,
	address = {Neuchâtel},
	series = {Arbeitsdokument / {Schweizerisches} {Gesundheitsobservatorium}},
	title = {Evidenz für {Managed} {Care}: europäische {Literaturanalyse} unter besonderer {Berücksichtigung} der {Schweiz}: {Wirkung} von {Versorgungssteuerung} auf {Qualität} und {Kosteneffektivität}},
	isbn = {978-3-907872-29-1},
	shorttitle = {Evidenz für {Managed} {Care}},
	language = {ger},
	number = {16},
	publisher = {Schweizerisches Gesundheitsobservatorium},
	author = {Berchtold, Peter and Hess, Kurt},
	year = {2006},
	keywords = {Cost effectivess, Managed care plans (Medical care), Medical care, Switzerland},
	annote = {"Januar 2006."},
	file = {Microsoft Word - Evidenz-MC-Bericht-08-12-2005.doc - arbeitsdokument-16-d_0.pdf:C\:\\Users\\Beat\\AppData\\Roaming\\Zotero\\Zotero\\Profiles\\7sw4no6p.default\\zotero\\storage\\RHZMIKZ4\\arbeitsdokument-16-d_0.pdf:application/pdf}
}

@article{delamater_improving_2006,
	title = {Improving patient adherence},
	volume = {24},
	url = {http://clinical.diabetesjournals.org/content/24/2/71?legid=diaclin;24/2/71&patientinform-links=yes&legid=diaclin;24/2/71},
	number = {2},
	urldate = {2016-11-27},
	journal = {Clinical diabetes},
	author = {Delamater, Alan M.},
	year = {2006},
	pages = {71--77},
	file = {71.full.pdf:C\:\\Users\\Beat\\AppData\\Roaming\\Zotero\\Zotero\\Profiles\\7sw4no6p.default\\zotero\\storage\\W3KBJ9M6\\71.full.pdf:application/pdf}
}

@article{huber_one-year_2016,
	title = {One-year adherence to oral antihyperglycemic medication and risk prediction of patient outcomes for adults with diabetes mellitus: {An} observational study},
	volume = {95},
	issn = {0025-7974},
	shorttitle = {One-year adherence to oral antihyperglycemic medication and risk prediction of patient outcomes for adults with diabetes mellitus},
	url = {http://content.wkhealth.com/linkback/openurl?sid=WKPTLP:landingpage&an=00005792-201606280-00030},
	doi = {10.1097/MD.0000000000003994},
	language = {en},
	number = {26},
	urldate = {2016-11-27},
	journal = {Medicine},
	author = {Huber, Carola A. and Rapold, Roland and Brüngger, Beat and Reich, Oliver and Rosemann, Thomas},
	month = jun,
	year = {2016},
	file = {medi-95-e3994.pdf:C\:\\Users\\Beat\\AppData\\Roaming\\Zotero\\Zotero\\Profiles\\7sw4no6p.default\\zotero\\storage\\3PHB3ENZ\\medi-95-e3994.pdf:application/pdf}
}

@article{huber_medication_2016,
	title = {Medication adherence in patients with diabetes mellitus: does physician drug dispensing enhance quality of care? {Evidence} from a large health claims database in {Switzerland}},
	volume = {Volume 10},
	issn = {1177-889X},
	shorttitle = {Medication adherence in patients with diabetes mellitus},
	url = {https://www.dovepress.com/medication-adherence-in-patients-with-diabetes-mellitus-does-physician-peer-reviewed-article-PPA},
	doi = {10.2147/PPA.S115425},
	language = {en},
	urldate = {2016-11-27},
	journal = {Patient Preference and Adherence},
	author = {Huber, Carola A and Reich, Oliver},
	month = sep,
	year = {2016},
	pages = {1803--1809},
	file = {PPA-115425-medication-adherence-in-patients-with-diabetes-mellitus--doe - ppa-10-1803.pdf:C\:\\Users\\Beat\\AppData\\Roaming\\Zotero\\Zotero\\Profiles\\7sw4no6p.default\\zotero\\storage\\TNAQZDUC\\ppa-10-1803.pdf:application/pdf}
}

@article{huber_epidemiology_2014,
	title = {Epidemiology and costs of diabetes mellitus in {Switzerland}: an analysis of health care claims data, 2006 and 2011},
	volume = {14},
	shorttitle = {Epidemiology and costs of diabetes mellitus in {Switzerland}},
	url = {https://bmcendocrdisord.biomedcentral.com/articles/10.1186/1472-6823-14-44},
	number = {1},
	urldate = {2016-11-27},
	journal = {BMC endocrine disorders},
	author = {Huber, Carola A. and Schwenkglenks, Matthias and Rapold, Roland and Reich, Oliver},
	year = {2014},
	pages = {1},
	file = {Epidemiology and costs of diabetes mellitus in Switzerland\: an analysis of health care claims data, 2006 and 2011 - 1472-6823-14-44.pdf:C\:\\Users\\Beat\\AppData\\Roaming\\Zotero\\Zotero\\Profiles\\7sw4no6p.default\\zotero\\storage\\6Z3RIH96\\1472-6823-14-44.pdf:application/pdf}
}

@article{de_martel_global_2012,
	title = {Global burden of cancers attributable to infections in 2008: a review and synthetic analysis},
	volume = {13},
	shorttitle = {Global burden of cancers attributable to infections in 2008},
	url = {http://www.sciencedirect.com/science/article/pii/S1470204512701377},
	number = {6},
	urldate = {2016-12-11},
	journal = {The lancet oncology},
	author = {De Martel, Catherine and Ferlay, Jacques and Franceschi, Silvia and Vignat, Jérôme and Bray, Freddie and Forman, David and Plummer, Martyn},
	year = {2012},
	pages = {607--615},
	file = {Global burden of cancers attributable to infections in 2008\: a review and synthetic analysis - 1-s2.0-S1470204512701377-main.pdf:C\:\\Users\\Beat\\AppData\\Roaming\\Zotero\\Zotero\\Profiles\\7sw4no6p.default\\zotero\\storage\\NV939NVG\\1-s2.0-S1470204512701377-main.pdf:application/pdf}
}

@article{joseph_understanding_2008,
	title = {Understanding the burden of human papillomavirus associated anal cancers in the {US}},
	volume = {113},
	issn = {1097-0142},
	url = {http://onlinelibrary.wiley.com/doi/10.1002/cncr.23744/abstract},
	doi = {10.1002/cncr.23744},
	language = {en},
	number = {S10},
	urldate = {2016-12-11},
	journal = {Cancer},
	author = {Joseph, Djenaba A. and Miller, Jacqueline W. and Wu, Xiaocheng and Chen, Vivien W. and Morris, Cyllene R. and Goodman, Marc T. and Villalon‐Gomez, Jose M. and Williams, Melanie A. and Cress, Rosemary D.},
	month = nov,
	year = {2008},
	pages = {2892--2900},
	file = {Snapshot:C\:\\Users\\Beat\\AppData\\Roaming\\Zotero\\Zotero\\Profiles\\7sw4no6p.default\\zotero\\storage\\55TKP6A3\\pdf.html:text/html}
}

@techreport{bag_hpv_2015,
	title = {Die {HPV} {Impfung} in der {Schweiz}: {Resultate} einer nationalen {Befragung} im {Jahr} 2014},
	url = {http://www.bag.admin.ch/themen/medizin/00682/00684/03853/index.html?lang=de&download=NHzLpZeg7t,lnp6I0NTU042l2Z6ln1acy4Zn4Z2qZpnO2Yuq2Z6hpJCEdHt2fXyNn,akn56V19rIz42fz62dpuc-},
	number = {Bulletin 23},
	urldate = {2016-12-11},
	institution = {Bundesamt für Gesundheit},
	author = {{BAG}},
	month = jun,
	year = {2015},
	file = {index.pdf:C\:\\Users\\Beat\\AppData\\Roaming\\Zotero\\Zotero\\Profiles\\7sw4no6p.default\\zotero\\storage\\43BU8KZB\\index.pdf:application/pdf}
}

@article{oteng_evaluating_2011,
	title = {Evaluating societal preferences for human papillomavirus vaccine and cervical smear test screening programme},
	volume = {87},
	issn = {, 1472-3263},
	url = {http://sti.bmj.com/content/87/1/52},
	doi = {10.1136/sti.2009.041392},
	language = {en},
	number = {1},
	urldate = {2016-12-11},
	journal = {Sexually Transmitted Infections},
	author = {Oteng, Bridgette and Marra, Fawziah and Lynd, Larry D. and Ogilvie, Gina and Patrick, David and Marra, Carlo A.},
	month = jan,
	year = {2011},
	pmid = {20956352},
	pages = {52--57},
	file = {Full Text PDF:C\:\\Users\\Beat\\AppData\\Roaming\\Zotero\\Zotero\\Profiles\\7sw4no6p.default\\zotero\\storage\\5285AIBR\\Oteng et al. - 2011 - Evaluating societal preferences for human papillom.pdf:application/pdf;Snapshot:C\:\\Users\\Beat\\AppData\\Roaming\\Zotero\\Zotero\\Profiles\\7sw4no6p.default\\zotero\\storage\\WEPK6MUK\\52.full.html:text/html}
}

@techreport{bag_durchimpfung_2015,
	title = {Durchimpfung von 2, 8 und 16 {Jährigen} in der {Schweiz}, 2011 bis 2013},
	url = {http://www.bag.admin.ch/themen/medizin/00682/00685/02133/index.html?lang=de&download=NHzLpZeg7t,lnp6I0NTU042l2Z6ln1acy4Zn4Z2qZpnO2Yuq2Z6gpJCMeXx,e2ym162epYbg2c_JjKbNoKSn6A--},
	number = {Bulletin 28},
	urldate = {2016-12-11},
	institution = {Bundesamt für Gesundheit},
	author = {{BAG}},
	month = jul,
	year = {2015},
	file = {index.pdf:C\:\\Users\\Beat\\AppData\\Roaming\\Zotero\\Zotero\\Profiles\\7sw4no6p.default\\zotero\\storage\\MNP89KC7\\index.pdf:application/pdf}
}

@article{huber_estimating_2014,
	title = {Estimating the prevalence of comorbid conditions and their effect on health care costs in patients with diabetes mellitus in {Switzerland}},
	volume = {7},
	url = {https://www.ncbi.nlm.nih.gov/pmc/articles/PMC4199853/},
	doi = {10.2147/DMSO.S69520},
	abstract = {Estimating the prevalence of comorbidities and their associated costs in patients with diabetes is fundamental to optimizing health care management. This study assesses the prevalence and health care costs of comorbid conditions among patients with diabetes ...},
	language = {en},
	urldate = {2017-03-01},
	journal = {Diabetes, Metabolic Syndrome and Obesity: Targets and Therapy},
	author = {Huber, Carola A. and Diem, Peter and Schwenkglenks, Matthias and Rapold, Roland and Reich, Oliver},
	year = {2014},
	pmid = {25336981},
	pages = {455},
	file = {Snapshot:C\:\\Users\\Beat\\AppData\\Roaming\\Zotero\\Zotero\\Profiles\\7sw4no6p.default\\zotero\\storage\\RARSFV8Q\\PMC4199853.html:text/html}
}

@article{huber_identifying_2013,
	title = {Identifying patients with chronic conditions using pharmacy data in {Switzerland}: an updated mapping approach to the classification of medications},
	volume = {13},
	shorttitle = {Identifying patients with chronic conditions using pharmacy data in {Switzerland}},
	url = {https://www.ncbi.nlm.nih.gov/pmc/articles/PMC3840632/},
	doi = {10.1186/1471-2458-13-1030},
	abstract = {Quantifying population health is important for public health policy. Since national disease registers recording clinical diagnoses are often not available, pharmacy data were frequently used to identify chronic conditions (CCs) in populations. However, ...},
	language = {en},
	urldate = {2017-03-01},
	journal = {BMC Public Health},
	author = {Huber, Carola A. and Szucs, Thomas D. and Rapold, Roland and Reich, Oliver},
	year = {2013},
	pmid = {24172142},
	pages = {1030},
	file = {Snapshot:C\:\\Users\\Beat\\AppData\\Roaming\\Zotero\\Zotero\\Profiles\\7sw4no6p.default\\zotero\\storage\\FIUQ6M46\\PMC3840632.html:text/html}
}

@misc{noauthor_observational_nodate,
	title = {Observational {Studies} {Analyzed} {Like} {Randomized} {Experiments}:... : {Epidemiology}},
	shorttitle = {Observational {Studies} {Analyzed} {Like} {Randomized} {Experiments}},
	url = {http://journals.lww.com/epidem/Fulltext/2008/11000/Observational_Studies_Analyzed_Like_Randomized.2.aspx},
	abstract = {Background: The Women's Health Initiative randomized trial found greater coronary heart disease (CHD) risk in women assigned to estrogen/progestin therapy than in those assigned to placebo. Observational studies had previously suggested reduced CHD risk in hormone users.
Methods: Using data from...},
	urldate = {2017-03-14},
	journal = {LWW},
	file = {Snapshot:C\:\\Users\\Beat\\AppData\\Roaming\\Zotero\\Zotero\\Profiles\\7sw4no6p.default\\zotero\\storage\\DPWJXIK6\\articleviewer.html:text/html}
}

@article{abubakar_global_2015,
	title = {Global, regional, and national age-sex specific all-cause and cause-specific mortality for 240 causes of death, 1990-2013: a systematic analysis for the {Global} {Burden} of {Disease} {Study} 2013},
	volume = {385},
	shorttitle = {Global, regional, and national age-sex specific all-cause and cause-specific mortality for 240 causes of death, 1990-2013},
	url = {http://discovery.ucl.ac.uk/1462383/1/Abubakar_Global_regional_and_national_age-sex_specific.pdf},
	number = {9963},
	urldate = {2017-08-27},
	journal = {Lancet},
	author = {Abubakar, I. I. and Tillmann, T. and Banerjee, A.},
	year = {2015},
	pages = {117--171},
	file = {Global, regional, and national ageâ€“sex specific all-cause and cause-specific mortality for 240 causes of death, 1990â€“2013\: a systematic analysis for the Global Burden of Disease Study 2013 - PIIS0140-6736(14)61682-2.pdf:C\:\\Users\\Beat\\AppData\\Roaming\\Zotero\\Zotero\\Profiles\\7sw4no6p.default\\zotero\\storage\\Z6HKJQZC\\PIIS0140-6736(14)61682-2.pdf:application/pdf}
}

@book{schweizerisches_gesundheitsobservatorium_gesundheit_2015,
	address = {Bern},
	edition = {1. Aufl},
	title = {Gesundheit in der {Schweiz} – {Fokus} chronische {Erkrankungen}: nationaler {Gesundheitsbericht} 2015},
	isbn = {978-3-456-85566-0},
	shorttitle = {Gesundheit in der {Schweiz} – {Fokus} chronische {Erkrankungen}},
	language = {ger},
	publisher = {Hogrefe},
	editor = {{Schweizerisches Gesundheitsobservatorium}},
	year = {2015},
	note = {OCLC: 923084440},
	keywords = {Chronische Krankheit, Gesundheitswesen, Schweiz},
	file = {gesundheitsbericht_2015_d.pdf:C\:\\Users\\Beat\\AppData\\Roaming\\Zotero\\Zotero\\Profiles\\7sw4no6p.default\\zotero\\storage\\W5XN66KN\\gesundheitsbericht_2015_d.pdf:application/pdf}
}

@book{mathers_global_2008,
	address = {Geneva, Switzerland},
	title = {The global burden of disease: 2004 update},
	isbn = {978-92-4-156371-0},
	shorttitle = {The global burden of disease},
	abstract = {This publication provides a comprehensive assessment of the health of the world's population in 2004. It provides a framework for integrating the available information on mortality and health in populations to assess the comparative importance of diseases and injuries in causing premature death, loss of health and disability in all regions of the world. This report draws upon the databases of the World Health Organization and information provided by member states to provide detailed estimates of premature mortality, disability and loss of health for 135 causes by age and sex for the world as a whole, for regions of the world, and for countries grouped by average income per capita.--Publisher's description},
	publisher = {World Health Organization},
	editor = {Mathers, Colin and Fat, Doris Ma and Boerma, J. T. and {World Health Organization}},
	year = {2008},
	note = {OCLC: ocn264018380},
	keywords = {Cost of Illness, Mortality, trends, World health},
	annote = {Introduction -- Causes of death -- Disease incidence, prevalence and disability -- Burden of disease : DALYs},
	annote = {"The 2004 update of the Global burden of disease was primarily carried out by Colin Mathers and Doris Ma Fat., in collaboration with other WHO staff, Who technical programmes and UNAIDS. The report was written by Colin Mathers, Ties Boerma and Doris Ma Fat"--P. ii},
	file = {GBD_report_2004update_full.pdf:C\:\\Users\\Beat\\AppData\\Roaming\\Zotero\\Zotero\\Profiles\\7sw4no6p.default\\zotero\\storage\\WNN5A6NW\\GBD_report_2004update_full.pdf:application/pdf}
}

@article{wieser_kosten_2014,
	title = {Die {Kosten} der nichtübertragbaren {Krankheiten} in der {Schweiz}},
	url = {http://www.monitorage-addictions.ch/docs/library/wieser_jdblqbpebcbd.pdf},
	urldate = {2017-08-27},
	journal = {Bundesamt für Gesundheit BAG, Bern},
	author = {Wieser, Simon and Tomonaga, Yuki and Riguzzi, Marco and Fischer, Barbara and Telser, Harry and Pletscher, Mark and Eichler, Klaus and Trost, Melanie and Schwenkglenks, Matthias},
	year = {2014},
	file = {wieser_jdblqbpebcbd.pdf:C\:\\Users\\Beat\\AppData\\Roaming\\Zotero\\Zotero\\Profiles\\7sw4no6p.default\\zotero\\storage\\4DVWFGIP\\wieser_jdblqbpebcbd.pdf:application/pdf}
}

@book{oecd_oecd_2011,
	series = {{OECD} {Reviews} of {Health} {Systems}},
	title = {{OECD} {Reviews} of {Health} {Systems}: {Switzerland} 2011},
	isbn = {978-92-64-12090-7 978-92-64-12091-4},
	shorttitle = {{OECD} {Reviews} of {Health} {Systems}},
	url = {http://www.oecd-ilibrary.org/social-issues-migration-health/oecd-reviews-of-health-systems-switzerland-2011_9789264120914-en},
	language = {en},
	urldate = {2017-08-27},
	publisher = {OECD Publishing},
	author = {{OECD} and {WHO}},
	month = oct,
	year = {2011},
	note = {DOI: 10.1787/9789264120914-en}
}

@book{ingold_larmbelastung_2009,
	title = {Lärmbelastung in der {Schweiz}: {Ergebnisse} des nationalen {Lärmmonitorings} {SonBase}},
	publisher = {BAFU},
	author = {Ingold, Kirk and Köpfli, Micha},
	year = {2009},
	file = {laermbelastung_inderschweiz.pdf:C\:\\Users\\Beat\\AppData\\Roaming\\Zotero\\Zotero\\Profiles\\7sw4no6p.default\\zotero\\storage\\7ZHX5NB3\\laermbelastung_inderschweiz.pdf:application/pdf}
}

@article{heritier_transportation_2017,
	title = {Transportation noise exposure and cardiovascular mortality: a nationwide cohort study from {Switzerland}},
	volume = {32},
	issn = {0393-2990, 1573-7284},
	shorttitle = {Transportation noise exposure and cardiovascular mortality},
	language = {en},
	number = {4},
	urldate = {2017-11-08},
	journal = {European Journal of Epidemiology},
	author = {Héritier, Harris and Vienneau, Danielle and Foraster, Maria and Eze, Ikenna Collins and Schaffner, Emmanuel and Thiesse, Laurie and Rudzik, Franziska and Habermacher, Manuel and Köpfli, Micha and Pieren, Reto and Brink, Mark and Cajochen, Christian and Wunderli, Jean Marc and Probst-Hensch, Nicole and Röösli, Martin},
	month = apr,
	year = {2017},
	pages = {307--315},
	file = {10.1007s10654-017-0234-2.pdf:C\:\\Users\\Beat\\AppData\\Roaming\\Zotero\\Zotero\\Profiles\\7sw4no6p.default\\zotero\\storage\\6B3JME5X\\10.1007s10654-017-0234-2.pdf:application/pdf}
}